1981 2594
961 145 986 186 7

90 253 347 287 commodatum.
366 271 417 276 —
438 248 553 286 CAP.
573 247 699 292 XVII,
721 248 755 284 3.
783 251 999 283 Intolerabile
1020 257 1071 284 est
1089 252 1180 295 quod
1201 264 1241 284 ex
1260 252 1350 285 libris
1370 266 1447 286 mss.
1468 256 1575 287 tenuit
1593 256 1634 288 F.
1651 262 1857 298 pervenerat,

90 310 283 348 corruptum
314 302 393 335 illud
427 314 467 334 ex
495 302 706 334 similitudine
740 302 968 335 antecedentis
1002 303 1091 335 verbi
1125 304 1312 342 didiceral‚·
1344 317 1409 348 ego
1442 307 1534 349 quod
1567 307 1692 339 dudum
1723 309 1855 341 Mureto

90 362 229 388 auctore
248 355 419 398 vulgatum
439 359 511 386 erat
528 354 675 386 restitui:
698 357 895 396 perreneril.
949 355 997 386 lb.
1025 357 1043 394 ἓ
1071 356 1091 386 4
1110 354 1231 395 sactae
1254 356 1461 399 participium
1481 370 1499 389 a
1518 358 1559 390 F.
1580 359 1680 391 invito
1707 366 1856 403 praeter-

89 408 223 439 missum
251 404 370 448 adjeci.
395 425 447 430 —
475 401 590 439 CAP.
617 401 761 446 XVIII,
786 403 817 438 l.
855 406 1063 448 Quamquam
1089 411 1203 448 potest
1234 412 1405 450 utcunque
1431 408 1509 440 ferri
1540 411 1704 452 genitivus
1729 411 1783 443 ille
1800 412 1857 451 se-

88 459 208 497 re'endz',
226 457 253 489 si
272 462 399 488 statuas
424 457 456 488 in
476 457 700 488 contumelabso
725 457 836 488 inesse
860 457 1002 488 studiosi
1025 457 1312 500 significationem,
1339 464 1448 491 tamen
1475 460 1563 492 aliud
1591 462 1670 504 quid
1699 463 1857 506 scriptum

88 509 191 541 fuisse
209 507 331 540 indicio
352 513 404 539 est
421 507 757 548 verbumserebalnr,
776 507 867 550 quod
888 509 1019 540 Seneca
1039 520 1104 540 non
1124 509 1234 551 potuit
1253 510 1298 541 ita
1316 509 1369 541 hic
1388 522 1532 553 ponere,
1568 518 1605 544 ut
1632 513 1673 544 sit
1699 513 1770 546 fere
1795 526 1855 557 pro

88 561 280 597 dioebatum
299 559 469 601 quomodo
490 560 575 590 enim
594 558 637 590 ad
656 559 828 601 vulgarem
846 559 1013 591 hominum
1032 559 1151 591 famam
1169 567 1380 603 provocaret,
1408 563 1463 604 qui
1490 564 1560 605 ipse
1580 576 1599 595 a
1619 564 1773 608 Caligula
1798 565 1856 597 de—

87 611 173 642 risus
194 615 285 642 esset
304 616 338 642 et
356 611 412 652 qui
432 609 474 641 de
494 622 530 641 se
549 610 621 652 ipso
643 609 755 642 dicere
775 610 917 651 videtur,
938 623 1024 653 quae
1043 611 1185 654 legimus
1205 611 1288 643 infra
1309 624 1337 644 c.
1359 614 1415 652 18,
1437 615 1470 645 5.
1499 616 1614 646 solatio
1633 619 1708 655 erit,
1727 619 1861 648 etiamsi

87 665 200 694 nostra
218 661 378 701 facilitas
397 662 549 692 ultionem
573 664 729 700 onu'serf'z‘,
750 661 906 702 salarum
931 663 1081 704 aliquem,
1111 664 1170 704 qui
1181 674 1305 704 poenas
1324 666 1437 706 exigat
1456 677 1475 696 a
1498 677 1638 707 procace
1663 670 1696 698 et
1720 668 1857 709 superbo

88 717 120 745 et
144 713 310 756 injurioso.
339 712 380 743 cf.
407 711 496 743 Dial.
516 711 580 752 111,
607 724 636 745 c.
661 714 718 752 14,
740 714 774 744 4.
805 725 907 755 quare
933 714 1009 744 mihi
1034 714 1206 756 probabile
1234 720 1296 754 est,
1317 715 1377 746 nisi
1403 715 1511 758 aliqua
1530 718 1630 749 verba
1650 718 1856 759 exciderunt,

88 775 204 796 vocem
223 764 418 795 mirabiliter
433 762 598 794 coaluisse
619 775 637 795 e
658 763 803 796 duabus:
824 767 907 796 mira
927 765 1073 797 le'bide'ne.
1087 785 1129 788 —
1141 766 1190 797 Ib.
1205 767 1223 805 ἓ
1240 767 1274 797 4.
1294 770 1340 798 At
1359 767 1442 798 idem
1458 768 1558 812 Cajus
1577 772 1683 801 omnia
1698 772 1856 802 contume-

87 817 151 847 lias
167 818 303 857 putans,
333 817 370 845 ut
395 818 471 846 sant
487 813 706 854 serendarum
733 818 942 857 impatientes
959 815 1441 858 faciendarum·cupidissima,
1466 819 1660 859 iratus-filit
1686 822 1856 853 Herennio

87 867 217 907 Macro]
231 866 286 897 Sic
301 865 414 897 retulit
424 866 589 909 Bongars.
607 878 647 897 ex
658 864 840 908 Cujaciano
857 872 890 898 et
905 867 936 898 in
952 867 985 898 id
1000 868 1107 910 ipsum
1123 879 1188 910 ego
1206 866 1399 909 conjectura
1414 870 1604 911 incideram,
1620 883 1683 903 nec
1698 877 1749 904 est
1764 873 1856 915 quic-

87 928 185 960 quam
200 917 328 948 facilius
344 923 401 949 aut
416 917 684 955 convenientius;
711 929 786 949 nam
802 917 893 960 quod
909 918 940 949 in
956 918 1044 950 libris
1061 919 1192 961 optimis
1209 925 1242 950 et
1258 920 1403 961 plurimis
1420 927 1470 952 est
1481 926 1590 963 palat.
1618 923 1709 965 quod
1727 923 1769 955 F.
1786 935 1855 955 ser-

86 969 183 1009 vavit,
199 968 277 1000 ferri
291 968 381 999 nullo
398 968 498 999 modo
514 974 627 1010 potest
643 974 676 1000 et
691 969 812 1000 rectius
829 974 920 1001 certe
936 970 1107 1013 vulgatum
1123 976 1195 1002 erat
1206 972 1367 1012 putabam
1384 972 1503 1004 deinde
1519 985 1597 1005 vero
1621 974 1713 1016 quod
1729 986 1747 1006 e
1766 975 1855 1017 prio-

86 1020 176 1052 ribus
193 1019 270 1051 edd.
280 1019 464 1051 retinuitF.
475 1032 484 1050 ε
499 1022 532 1051 et
544 1019 858 1059 se'czdserendarum
872 1021 1291 1063 impatiensfaciendarum
1306 1024 1547 1064 culn'de‘ssfmus‚
1563 1024 1596 1055 id
1611 1030 1645 1056 et
1653 1025 1758 1057 tribus
1773 1026 1855 1057 locis

86 1083 106 1102 a
120 1071 334 1114 plurimorum
353 1070 509 1102 librorum
532 1071 731 1102 auctoritate
748 1071 915 1114 discrepat
937 1078 971 1104 et
990 1072 1187 1104 sententiam
1201 1072 1302 1104 habet
1322 1085 1525 1115 perversam3
1547 1075 1671 1108 dictum
1694 1077 1779 1108 enim
1794 1088 1855 1119 po-

86 1123 150 1154 tius
171 1123 337 1165 oportuit:
364 1127 398 1153 et
415 1122 502 1153 sicut
520 1121 745 1153 faciendarum
765 1123 996 1165 cupidissimus
1016 1123 1228 1156 ferendarum
1247 1124 1430 1167 impatiens,
1464 1127 1539 1168 quia
1552 1125 1622 1168 jam
1642 1139 1682 1158 eo
1703 1128 1856 1170 procedit

87 1173 206 1213 oratio,
227 1178 264 1205 ut
283 1172 507 1215 impatientiae
528 1173 702 1216 Caligulae
722 1175 872 1217 exempla
893 1180 1210 1214 commemorentur;
1234 1187 1297 1208 nec
1325 1176 1497 1220 eleganter
1519 1178 1551 1209 in
1575 1178 1636 1209 illis
1664 1178 1759 1210 deest
1782 1191 1855 1211 ver-

86 1225 164 1256 bum
183 1224 435 1264 substantivum,
457 1235 531 1255 cum
550 1223 676 1266 majore
695 1225 963 1268 interpunctione
983 1227 1091 1268 posita
1117 1227 1157 1257 ab
1182 1227 1296 1259 Iratus
1306 1227 1380 1268 sm'l
1408 1228 1541 1271 incipiat
1566 1241 1652 1261 nova
1678 1231 1852 1262 sententia.

87 1276 158 1308 Tot
177 1287 216 1307 ac
234 1280 326 1307 tanta
345 1287 419 1307 eum
438 1275 502 1307 sint
520 1276 551 1307 in
572 1273 706 1319 vulgata
725 1277 889 1319 scriptura
907 1277 1128 1317 incommoda,
1148 1278 1265 1310 mirum
1285 1290 1375 1315 sane,
1409 1280 1499 1322 quod
1525 1292 1590 1312 non
1618 1280 1743 1313 dudum
1762 1282 1854 1313 Bon-

86 1327 240 1370 garsiana
259 1327 406 1370 praelata
426 1332 489 1365 est,
522 1338 608 1369 quae
628 1327 679 1359 vel
699 1328 726 1359 si
745 1327 939 1370 conjectura
960 1330 1092 1366 nitatur,
1123 1329 1272 1372 proxime
1299 1330 1341 1362 ad
1366 1331 1523 1363 librorum
1548 1332 1648 1363 fidem
1672 1333 1802 1365 accedit
1821 1339 1855 1365 et

86 1377 179 1421 quod
198 1378 353 1421 imprimis
374 1379 504 1409 Seneca
525 1377 672 1422 dignum,
694 1390 902 1411 communem
922 1379 1024 1412 efficit
1050 1381 1247 1412 sententiam
1272 1383 1449 1414 narrationi
1474 1383 1713 1426 interpositam.
1734 1403 1785 1407 ——
1803 1385 1854 1416 Ib.

85 1429 104 1468 ὃ
127 1431 147 1461 5
169 1428 243 1473 (4).
271 1429 481 1462 conturbatis
500 1441 575 1471 ergo
594 1431 652 1461 leoc
670 1433 775 1472 ipsum
794 1433 910 1462 solatio
928 1434 1003 1472 erit]
1023 1432 1060 1463 In
1079 1432 1167 1463 libris
1187 1444 1264 1464 mSS.
1287 1439 1337 1465 est
1355 1435 1574 1474 conlarbalus,
1599 1439 1636 1466 ut
1661 1434 1694 1466 id
1721 1435 1763 1466 ad
1790 1435 1854 1466 Ca-

85 1480 222 1524 ligulam
240 1480 406 1512 referatur
425 1485 458 1511 et
477 1491 562 1512 nova
581 1482 743 1512 sententia
762 1483 802 1513 ab
822 1494 897 1524 ergo
916 1482 1065 1525 incipiat;
1091 1482 1125 1514 id
1143 1483 1184 1515 F.
1205 1484 1368 1522 toleravit,
1395 1485 1455 1516 sed
1481 1497 1579 1527 quam
1606 1485 1854 1518 incommodum

85 1532 136 1572 sit,
156 1538 331 1563 senserunt
349 1531 382 1570 ii,
403 1531 459 1573 qui
478 1537 535 1563 aut
555 1531 596 1564 de
616 1533 765 1564 Pinciani
784 1532 978 1575 conjectura
998 1535 1210 1566 cotlmrnalns
1229 1535 1443 1578 scripserunt,
1477 1542 1533 1568 aut
1551 1537 1727 1568 Erasmum
1746 1537 1854 1569 secuti

85 1584 297 1621 conturbatis,
329 1583 363 1614 id
383 1582 475 1625 quod
495 1594 560 1626 ego
581 1584 734 1625 probavi:
761 1596 836 1616 nam
861 1585 1079 1617 cothurnatus
1106 1585 1168 1617 etsi
1193 1597 1258 1617 non
1285 1588 1355 1618 sine
1374 1588 1524 1619 acumine
1545 1588 1704 1630 appellari
1722 1588 1854 1621 videtur

86 1635 126 1666 C.
147 1627 286 1674 Caesar,
305 1634 362 1665 ubi
382 1633 555 1676 Caligulae
574 1646 694 1666 nomen
714 1635 776 1667 sibi
793 1636 953 1668 tributum
973 1636 1087 1668 ulcisci
1106 1643 1267 1675 narratur,
1293 1650 1412 1670 vereor
1437 1645 1546 1671 tamen
1573 1645 1610 1671 ut
1633 1639 1667 1670 id
1691 1645 1784 1672 recte
1805 1640 1853 1672 di-

85 1690 197 1723 catur;
215 1685 315 1728 paulo
336 1691 412 1717 ante
432 1685 517 1717 enim
536 1687 736 1728 crepidatus,
755 1690 893 1719 auratas
913 1687 1020 1720 dictus
1040 1693 1091 1720 est
1110 1694 1143 1720 et
1159 1691 1301 1721 soleatus
1319 1690 1408 1723 Dial..
1428 1691 1468 1730 V,
1498 1691 1556 1730 18,
1584 1692 1618 1722 4.
1647 1696 1679 1722 et
1705 1694 1854 1723 soccatus

86 1736 128 1768 de
142 1737 276 1768 Beneff.
292 1737 338 1776 II,
359 1748 388 1768 c.
409 1738 467 1776 12,
489 1738 522 1776 2,
543 1737 665 1780 quippe
686 1738 752 1780 qui,
773 1744 810 1770 ut
828 1736 950 1770 ibideni
965 1739 984 1778 ἓ
1004 1741 1018 1771 l
1042 1745 1206 1780 narratur,
1227 1741 1398 1772 socculum
1417 1746 1579 1782 auratum,
1599 1741 1696 1773 immo
1716 1753 1853 1774 aureum

83 1788 270 1831 margaritis
294 1787 483 1819 distinctum
502 1788 680 1820 ostendere
700 1789 852 1822 voluerit.
905 1791 1088 1822 Praeterea
1106 1793 1315 1823 conturbatus
1342 1798 1376 1824 ut
1401 1804 1467 1824 non
1487 1800 1563 1835 apte
1591 1792 1745 1836 Caligula
1772 1793 1853 1825 dici-
1900 1805 1902 1807 ·

83 1844 148 1879 tur,
166 1839 212 1870 ita
231 1839 398 1881 aptissime
415 1839 448 1879 ii,
469 1839 525 1881 qui
545 1840 749 1872 contumeliis
770 1841 809 1872 ab
828 1841 883 1872 illo
904 1843 1017 1874 affecti
1035 1842 1165 1874 confusi
1184 1850 1259 1875 sunt
1279 1843 1473 1886 consiliique
1497 1844 1615 1875 incerti
1642 1849 1674 1875 et
1698 1844 1784 1876 inter
1803 1845 1852 1876 ul—

83 1890 207 1922 tionem
234 1896 268 1921 et
292 1891 425 1922 tacitam
450 1890 639 1933 patientiam
666 1893 866 1924 fluctuantes
885 1893 1039 1925 solatium
1065 1894 1209 1937 denique
1227 1900 1345 1937 petunt
1369 1907 1386 1926 a
1406 1907 1466 1937 spe
1486 1895 1612 1927 alienae
1637 1894 1850 1928 fortitudinis.

85 1959 133 1964 —-
154 1937 269 1975 CAP.
286 1937 394 1982 XIX,
415 1939 438 1974 3
459 1940 532 1985 (4).
561 1946 688 1985 urgeris
707 1944 834 1986 scripsi,
855 1945 1000 1987 quamvis
1019 1946 1051 1977 in
1067 1947 1093 1976 A
1113 1947 1155 1978 sit
1174 1958 1299 1988 argere.
1319 1946 1394 1988 quia
1413 1946 1486 1978 talis
1506 1946 1612 1978 forma
1631 1947 1671 1978 ab
1699 1947 1852 1979 Senecae

84 2003 147 2023 usu
167 1992 273 2025 aliena
292 1999 354 2033 est,
376 1998 410 2024 et
427 1993 537 2036 potuit
554 1993 619 2025 hoc
637 1994 712 2026 loco
733 1994 830 2027 facile
850 2007 943 2028 error
962 1997 1121 2028 committi
1141 1998 1182 2029 ob
1203 1997 1446 2029 similitudinem
1464 1998 1555 2030 vocis
1574 1998 1756 2040 sequentis.

533 2095 826 2151 Dialogorum
856 2096 931 2138 lib.
962 2097 1044 2139 ΙΙΙ.
1076 2098 1131 2139 de
1163 2099 1233 2139 ira
1263 2098 1338 2139 lib.
1370 2099 1404 2139 1.

188 2191 304 2229 CAP.
320 2191 350 2236 Ῑ,
373 2193 406 2228 l.
425 2195 549 2236 ficrens
568 2209 586 2228 e
605 2197 694 2229 libris
713 2198 844 2230 restitui
861 2211 921 2242 pro
934 2199 1083 2241 fervens,
1103 2212 1177 2233 cum
1196 2201 1228 2232 in
1246 2201 1301 2233 illo
1322 2201 1399 2233 nihil
1418 2201 1460 2233 sit
1478 2201 1570 2244 quod
1590 2201 1755 2239 offendat;
1773 2201 1851 2233 item

85 2246 127 2277 ib.
153 2248 172 2287 ς
199 2247 219 2277 2
241 2258 280 2278 ac
299 2249 421 2278 micam*
439 2259 499 2290 pro
520 2251 552 2280 et
569 2251 692 2280 micant
719 2261 758 2280 ex
779 2250 854 2282 cod.
875 2252 914 2283 A.
943 2271 990 2276 ——-
1018 2253 1099 2292 2'b.§
1128 2255 1144 2283 7
1174 2254 1246 2294 (6).
1274 2256 1322 2284 est
1347 2258 1424 2295 post
1450 2255 1605 2296 cogitatio
1631 2251 1852 2295 abjiciendum

84 2297 208 2339 putavi,
229 2298 306 2340 quia
323 2309 390 2329 non
410 2303 462 2330 est
479 2299 511 2331 in
531 2299 607 2332 cod.
629 2296 849 2335 A.—CAP.
864 2298 913 2344 ῙΙ,
934 2299 969 2335 3.
998 2303 1037 2336 In
1054 2303 1173 2335 lacuna
1191 2304 1377 2347 interposui
1395 2304 1580 2348 fragmenta
1598 2304 1663 2336 loci
1682 2304 1791 2336 amissi
1811 2315 1851 2336 ex
