1981 2594
995 127 1051 170 28

237 237 474 272 GUSTAVUS
501 235 795 272 KIRCHHOFF.
823 233 883 267 Dr.
904 234 941 267 P.
965 234 1004 267 Ρ.
1023 235 1063 267 Ε.
1084 235 1154 267 des.
1210 235 1385 269 Publice
1404 236 1429 269 Ι.
1459 237 1635 270 Theoriam
1653 238 1919 271 mathematicam

124 294 249 325 virium
267 291 478 323 elasticarnm
496 290 629 330 eiusque
648 287 904 329 applicationem
921 287 967 319 aa*
985 290 1152 320 acusticen
1171 291 1204 320 et
1221 291 1349 330 opticen
1378 288 1510 322 docebit
1528 290 1575 322 bis
1595 301 1655 333 per
1673 289 1769 322 hebd.
1823 290 1918 323 Pri-

131 342 343 377 vatissime
362 346 395 372 et
413 339 548 383 gratis
568 339 611 370 ΙΙ.
640 339 913 371 Exercitationes
926 339 1087 382 physicas
1106 340 1332 373 moderabitur
1348 340 1431 372 binis
1450 340 1538 373 horis
1557 352 1617 385 per
1635 341 1732 374 hebd.

233 392 435 426 IOANNES
457 390 777 423 GODOFREDUS
798 391 965 432 GALLE,
983 391 1043 424 Dr.
1063 391 1102 424 P.
1124 392 1163 424 P.
1181 392 1221 424 Ε.
1242 391 1311 424 des.
1347 391 1529 425 Publice
1547 393 1574 425 I.
1602 395 1770 426 Sectiones
1788 396 1919 426 conicas

131 445 305 490 explicabit
324 443 408 475 dieb.
423 443 527 475 Merc.
541 448 574 474 et
588 444 655 474 Sat.
674 442 704 474 h.
720 453 782 475 ΧΠ.
818 443 886 474 Pri
898 444 1019 476 vatim
1039 444 1082 476 Il.
1102 444 1344 476 Astronomiam
1362 443 1571 486 sphaericam
1589 445 1698 478 tradet
1717 445 1802 478 dieb.
1823 445 1918 479 Mart.

130 499 233 531 Mero.
252 496 332 528 Ven.
352 496 420 528 Sat.
440 494 470 526 h.
491 505 535 526 xl.

233 546 473 580 GUSTAVUS
511 546 780 579 GUILELMUS
816 546 1052 586 KOERBER,
1080 547 1139 579 Dr.
1196 547 1342 579 Gratis
1362 547 1388 580 I.
1424 547 1650 580 Est-cursiones
1675 548 1720 580 ad
1745 548 1918 581 historiam

129 601 314 634 naturalem
342 601 530 641 spectantes
555 599 701 631 instituet
727 597 827 630 semel
854 610 913 641 per
939 599 1034 631 hebd.
1090 599 1291 631 Privatim
1316 599 1360 631 Il.
1394 599 1582 644 Botanicen
1602 601 1786 642 generalem
1810 601 1919 634 tradet

131 653 298 697 quinquies
324 662 384 694 per
411 650 506 682 hebd.
534 650 564 682 h.
592 661 652 682 v11.
715 651 775 682 ΙΙΙ.
806 651 1084 683 Introduc-tionem
1109 654 1143 683 in
1170 654 1356 683 universam
1384 651 1558 684 historiam
1582 652 1767 684 naturalem
1787 652 1919 685 docebit

133 713 184 738 ter
202 715 261 748 per
279 702 375 734 hebd.

232 754 412 787 PAULUS
441 753 691 786 EDUARDUS
727 754 898 794 CAUER,
935 754 994 786 Dr.
1050 754 1191 786 Gratis
1227 754 1505 787 Introductionem
1530 758 1564 787 iu
1591 756 1750 787 historiae
1774 756 1920 788 studium
1980 761 1981 764 ’

130 811 198 841 sire
214 806 488 850 propaedeuticen
509 806 698 838 historicam
719 806 851 838 docebit
870 807 917 837 bis
938 817 996 849 per
1014 806 1110 839 hebd.
1131 806 1161 838 h.
1183 805 1246 837 des.
1980 807 1981 812 ’

234 858 448 891 CAROLUS
483 858 770 890 FRIDERICUS
811 858 1061 891 ADOLPHUS
1102 859 1324 898 WU'P'PKE,
1373 858 1433 891 Dr.
1488 859 1688 891 Privatim
1730 860 1918 892 Historiam

130 913 322 954 religionum
342 914 373 942 et
393 921 513 941 morum
533 912 716 942 unirersmn
736 910 845 942 tradet
863 910 1032 953 quinquies
1053 922 1111 953 per
1130 910 1227 942 hebd.

235 962 448 995 CAROLUS
475 962 757 995 LEONARDUS
786 962 1024 994 IIENRICUS
1053 963 1290 1001 SCHWARZ,
1318 962 1377 994 Dr.
1433 962 1578 994 Gratis
1602 962 1630 994 Ι.
1671 961 1919 1003 Deserricon-

120 1014 270 1057 sectione
296 1014 435 1046 disseret
459 1013 559 1045 semel
586 1025 645 1057 per
670 1013 765 1046 hebd.
792 1013 821 1046 h.
847 1012 911 1046 del.
968 1014 1172 1047 Privatim
1198 1013 1242 1046 II.
1279 1014 1532 1057 Bletallnrgiam
1559 1013 1692 1046 docebit
1719 1013 1804 1047 dieb.
1833 1013 1918 1046 Lun.

130 1067 226 1100 Mart.
250 1066 321 1098 Iov.
349 1066 431 1098 Ven.
458 1065 488 1098 h.
514 1064 577 1098 des.
632 1066 923 1097 Privatissime
952 1066 1012 1098 Ill.
1059 1067 1231 1099 Chemicas
1249 1069 1504 1099 exercitationes
1523 1067 1553 1098 in
1573 1065 1773 1098 laboratorio
1792 1077 1851 1098 suo
1871 1066 1918 1097 in-

130 1120 246 1151 stituet
263 1118 294 1150 h.
316 1116 380 1150 des.
1745 1135 1749 1138 -

235 1169 476 1202 GUSTAVUS
504 1168 790 1202 FRIDERICUS
818 1169 1086 1202 GUILELMUS
1111 1169 1321 1210 SUCKOW,
1352 1169 1411 1202 Dr.
1457 1169 1661 1202 Privatim
1694 1170 1809 1202 Artem
1835 1180 1919 1212 pae-

129 1222 322 1266 ‹lagogicam
342 1221 473 1253 docebit
493 1227 544 1253 ter
562 1232 621 1264 per
640 1221 736 1253 hebd.

233 1273 485 1306 EDUARDUS
514 1272 850 1305 MAXIMILIANUS
885 1273 1136 1305 ROBERTUS
1173 1273 1417 1314 GROEGER,
1452 1273 1511 1305 Dr.
1573 1272 1772 1305 Privatim
1808 1273 1918 1306 Philo-

130 1327 278 1370 sophiam
299 1326 458 1358 historiae
477 1331 620 1356 tractare
639 1331 759 1369 perget
778 1325 825 1356 bis
846 1336 904 1368 per
923 1324 1019 1356 hebd.
1040 1325 1070 1356 h.
1091 1323 1156 1356 des.

233 1376 567 1410 FERDINANDUS
595 1377 750 1422 IJJLIUS
780 1377 922 1417 COHN,
949 1376 1007 1408 Dr.
1064 1377 1207 1408 Gratis
1228 1377 1252 1409 Ι.
1289 1378 1341 1410 De
1362 1377 1491 1419 plantis
1516 1377 1786 1419 animale-alesque
1805 1379 1917 1408 micro-

130 1432 270 1473 scopicis
298 1430 435 1461 disseret
462 1429 510 1460 bis
537 1440 596 1472 per
614 1428 710 1460 hebd.
767 1428 965 1460 Privatim
992 1429 1036 1460 Il.
1071 1430 1281 1461 Anatomiam
1307 1432 1339 1461 et
1358 1429 1527 1470 biologiam
1543 1429 1736 1471 plantarum
1755 1430 1918 1460 exercita—

132 1483 274 1515 tionibus
294 1484 534 1523 rln'croseopiw's
553 1481 723 1512 illustrabit
742 1486 793 1512 ter
812 1493 870 1524 per
890 1481 986 1512 hebd.

236 1533 450 1566 CAROLUS
470 1533 626 1565 IULIUS
644 1532 856 1570 BERGlUS,
876 1532 933 1564 Dr.
973 1533 1115 1565 Gratis
1135 1533 1161 1564 Ι.
1191 1533 1361 1565 Elementa
1378 1534 1577 1564 oeconomiae
1587 1533 1746 1575 politicae
1765 1532 1874 1564 tradet
1887 1531 1917 1564 d.

131 1586 233 1618 Mer«.
253 1585 284 1618 h.
304 1596 350 1618 lx.
396 1585 601 1617 Privatim
622 1584 665 1617 Il.
693 1585 746 1618 De
765 1585 928 1616 redituum
943 1585 1145 1627 publicorum
1165 1587 1294 1616 ratione
1313 1587 1345 1616 et
1363 1584 1651 1616 administratione
1676 1584 1815 1616 disseret
1833 1583 1917 1616 dieb.

115 1638 217 1682 ⁴Lun.
239 1639 333 1669 Mart.
353 1637 421 1669 Iov.
440 1637 520 1668 Yen.
540 1637 569 1669 h.
591 1647 636 1669 lx.

237 1688 452 1721 CAROLUS
475 1687 725 1720 ADOLPHUS
746 1688 1024 1724 CORNELIUS.
1045 1687 1104 1719 Dr.
1154 1689 1183 1717 G
1196 1688 1297 1719 ratis
1317 1688 1343 1719 I.'
1371 1688 1559 1719 [Iistoriam
1579 1688 1713 1719 Galliae
1732 1681 1808 1718 inde
1827 1687 1866 1718 ab
1886 1698 1917 1718 a.

136 1742 244 1773 1789.
272 1753 372 1783 usque
390 1741 436 1772 ad
454 1752 485 1772 a.
509 1741 617 1772 1799.
647 1740 779 1771 docebit
797 1740 896 1771 semel
917 1751 976 1782 per
995 1739 1090 1771 hebd.
1145 1739 1349 1771 Privatim
1375 1739 1418 1772 Il.
1454 1740 1647 1772 Historiam
1671 1739 1799 1771 saeculi
1813 1737 1918 1780 refor-

133 1795 285 1824 motionis
303 1794 546 1825 ecclesiasticae
567 1792 711 1824 narrabit
729 1797 779 1823 ter
798 1803 857 1834 per
877 1791 971 1823 hebd.

236 1845 441 1877 IOANNES
457 1844 727 1876 GUlLELMUS
744 1844 861 1874 SCHA
869 1843 1102 1882 RENBERG‚
1120 1843 1178 1875 Dr.
1208 1843 1237 1874 G
1249 1843 1351 1875 ratis
1368 1843 1392 1875 Ι.
1414 1843 1690 1875 Introduc-tionem
1698 1845 1731 1875 in
1741 1843 1918 1885 geologiam

132 1896 241 1928 tradet
260 1897 343 1928 dieb.
363 1897 459 1929 Mart.
480 1896 581 1928 Merc.
602 1896 670 1928 Iov‘.
690 1895 718 1927 h.
740 1906 799 1927 vu.
855 1895 897 1926 II.
926 1895 1162 1934 Escarsinnes,
1186 1907 1268 1937 qaas
1286 1897 1403 1927 vocant
1420 1897 1645 1938 geognosticas
1664 1894 1809 1926 instituet
1833 1893 1917 1926 dieb.

134 1953 167 1979 et
185 1946 253 1979 hor.
275 1947 337 1980 des.
394 1948 462 1980 Pri
475 1949 597 1980 vatim
618 1947 678 1980 ΙΙΙ.
707 1947 952 1989 Geographiam
968 1947 1142 1989 physicam
1162 1947 1294 1979 docebit
1314 1947 1398 1979 dieb.
1419 1947 1515 1979 Mart.
1535 1947 1638 1979 Merc.
1658 1946 1726 1978 Iov.
1746 1945 1776 1977 b.
1797 1955 1874 1978 v111.

237 2076 476 2109 HENRICUS
497 2077 749 2109 ROBER'PUS
770 2076 1035 2115 GOEPPERT,
1056 2076 1141 2108 Med.
1162 2075 1222 2108 Dr.
1243 2076 1280 2108 P.
1300 2076 1339 2109 P.
1359 2076 1400 2108 Ο.
1435 2074 1608 2108 Publice
1626 2075 1652 2106 Ι.
1681 2074 1919 2115 Est-cursiones,

131 2139 215 2169 quas
233 2131 349 2159 vocant
367 2129 547 2164 botanicas.
567 2132 599 2161 in
620 2141 700 2170 agro
720 2129 979 2161 Vrati'slam‘ensi
994 2128 1138 2160 instituet
1158 2128 1187 2160 d.
1205 2128 1273 2160 Sat.
1294 2127 1323 2160 h.
1344 2138 1401 2160 111.
1453 2127 1498 2159 ΙΙ.
1517 2127 1659 2159 Plantas
1674 2127 1764 2158 horti
1774 2126 1922 2158 botam'ci

134 2186 277 2222 exponet
293 2180 394 2212 semel
413 2192 472 2224 per
490 2180 586 2213 hebd.
630 2180 835 2212 Privatim
853 2179 915 2211 ΙΙΙ.
941 2180 1122 2211 Botanicen
1141 2180 1323 2222 generalem
1343 2179 1475 2211 docebit
1493 2178 1577 2210 dieb.
1596 2178 1680 2210 Lun.
1698 2178 1795 2210 Mart.
1814 2177 1916 2210 Mero.

132 2229 202 2264 Iov.
222 2232 302 2264 Ven.
321 2231 351 2264 h.
371 2243 417 2264 xl.
471 2233 528 2266 lv.
557 2234 742 2265 Botanicen
766 2232 940 2275 specialem
963 2243 1021 2263 seu
1040 2233 1283 2273 systematicam
1302 2231 1410 2263 tradet
1430 2230 1516 2262 dieb.
1534 2230 1618 2263 Lun.
1639 2236 1672 2262 et
1689 2230 1758 2262 Iov.
1777 2229 1809 2262 h.
1827 2239 1874 2262 1v.
