1981 2594
932 139 957 181 9

61 259 132 287 erat
149 253 251 298 signis
271 252 386 296 positis
407 250 594 282 adversario
615 248 805 281 adscribere
825 247 924 279 verba
943 247 1015 279 illa:
1037 247 1148 287 „Quid
1166 248 1264 289 ergo?
1283 259 1344 280 uon
1358 267 1409 272 —-
1430 248 1648 281 abstinent?“
1675 250 1827 293 sequitur

61 305 182 338 deinde
202 306 352 337 Senecae
380 302 553 346 responsio
567 326 575 342 ,
618 302 648 333 in
669 313 734 344 qua
753 301 855 344 prima
874 311 937 331 vox
947 299 1090 340 saciant
1107 304 1263 342 suspecta
1290 306 1341 332 est
1366 306 1399 332 et
1417 301 1526 343 potuit
1544 300 1640 333 facile
1659 301 1700 333 ab
1724 302 1825 334 inter-

58 363 153 402 prete
173 356 268 397 addi;
287 356 393 399 ipsum
412 354 546 398 quidem
562 355 726 386 Senecam
745 351 917 396 probabile
936 357 988 383 est
1007 351 1209 394 aequalitate
1229 352 1450 385 membrorum
1469 359 1599 385 servata
1618 353 1669 385 hic
1689 365 1825 397 quoque

59 410 99 442 ab
118 408 380 452 interrogatione
400 407 554 449 qnando?
577 417 732 438 exorsum
753 416 838 436 esse.
859 423 909 428 ———
929 400 1044 438 CAP.
1066 399 1153 444 XII,
1177 401 1193 436 l
1219 402 1293 447 (2).
1324 405 1531 448 Quamquam
1551 408 1656 448 inquil
1675 417 1757 438 voce
1776 405 1824 438 sa-

58 462 120 494 cile
136 471 297 500 caremus,
317 465 426 491 tamen
447 459 579 490 nimium
598 457 750 489 tribuisse
774 455 890 488 videor
909 455 1016 488 codici
1038 456 1171 495 Colon.,
1207 456 1262 498 qui
1286 468 1358 488 eam
1377 458 1469 489 uncis
1488 457 1686 490 int-luserim.
1705 477 1758 482 -—
1775 458 1823 490 lb.

57 515 77 554 §
103 514 137 545 3.
172 512 346 544 Assentior
371 523 458 543 nuuc
477 512 624 542 Grutero
652 508 814 541 excidisse
834 508 942 551 ailqua
961 513 1037 540 ante
1056 508 1156 539 verba
1175 507 1246 539 illa:
1273 509 1354 540 Cum
1377 510 1435 541 lmc
1454 510 1549 547 (Ile-is,
1576 511 1825 552 Tleeopleraste;

61 576 126 596 non
147 565 231 596 enim
251 565 295 595 ita
315 563 514 607 compellare
534 562 643 606 potuit
663 563 792 593 Seneca
812 560 1092 603 Theophrastum,
1114 560 1173 591 nisi
1193 565 1291 592 antea
1311 560 1433 592 dictum
1454 561 1589 604 aliquod
1609 560 1680 604 ejus
1699 562 1823 599 retulit,

62 616 154 659 quod
173 616 275 648 simile
294 615 395 647 fuisse
415 616 452 646 iis
473 619 616 658 oportet,
636 625 721 656 quae
741 613 760 652 ὃ
779 614 798 644 2
821 612 949 644 dixerat
967 612 1185 644 adversarius.
1243 613 1399 645 Similiter
1419 614 1547 646 Seneca
1569 614 1662 656 epist.
1683 615 1766 654 110,
1788 616 1821 646 (5.

58 668 253 700 Lucretium
272 667 461 710 alloquitur,
497 672 673 710 postquam
699 663 768 707 ejus
798 665 905 696 locum
925 665 1065 707 aliquem
1090 664 1238 707 protulit,
1271 671 1384 697 contra
1406 677 1501 708 quem
1530 666 1686 709 disputat.
1705 685 1756 690 —-
1774 667 1822 698 Jb.

59 720 78 760 ἓ
97 722 116 752 5
139 719 214 765 (4).
234 725 311 763 post
329 720 521 761 dignumque
542 717 653 749 addidi
670 729 730 759 pro
750 729 790 748 ex
807 717 930 760 optimo
952 717 1027 749 cod.
1045 718 1082 748 A.
1117 716 1222 748 Paulo
1242 722 1319 759 post
1339 716 1446 759 adjeci
1466 730 1483 750 e
1500 717 1692 760 conjectura
1709 730 1825 750 vocem

59 775 136 809 iam,
163 783 230 814 quo
257 777 346 803 esset
372 770 463 814 quod
489 769 700 802 antecedenti
726 769 949 812 comparativo
976 768 1214 812 responderet;
1248 769 1353 801 minus
1388 769 1498 812 placet
1524 770 1627 802 altera
1650 771 1753 810 ratio,
1788 776 1825 802 ut

59 824 232 863 scribatur,
264 822 355 866 quod
379 828 455 854 ante
481 823 521 854 F.
551 822 720 865 vulgatum
746 826 828 861 erat,
856 822 1076 863 praerapida,
1112 826 1145 852 et
1170 821 1217 852 ira
1243 821 1457 864 intelligatur,
1492 834 1555 854 non
1583 821 1746 854 adfectus.
1774 841 1824 847 —.

60 871 175 910 CAP.
196 872 302 915 XIV,
327 873 358 907 l.
387 874 610 917 Theophrasti
629 886 761 913 nomen,
789 872 880 916 quod
900 878 951 905 est
968 873 999 905 in
1019 873 1107 905 libris
1128 884 1203 905 mss.
1226 873 1387 913 omnibus,
1409 885 1467 905 cur
1487 886 1560 906 cum
1578 875 1724 906 Grutero
1745 874 1823 906 sub-

60 927 205 959 diticium
230 926 398 966 credatur,
432 926 519 958 nulla
546 925 666 957 idonea
693 937 794 957 causa
820 931 885 964 est;
919 937 984 969 ego
1011 925 1121 968 potius
1148 937 1187 957 ex
1208 925 1272 956 hoc
1297 925 1372 957 loco
1393 926 1527 969 colligo,
1561 938 1660 970 supra
1687 938 1823 969 quoque

59 991 88 1011 c.
109 981 165 1019 12,
186 980 220 1011 3.
236 984 328 1010 recte
344 990 396 1010 me
411 979 565 1010 amissum
581 977 715 1021 aliquod
732 977 956 1020 Theophrasti
973 977 1096 1009 dictum
1112 978 1314 1020 suspicatum
1329 990 1414 1009 esse.
1451 978 1633 1010 Praeterea
1652 979 1824 1022 vulgatum

57 1031 234 1062 verborum
260 1030 409 1062 ordinem
434 1034 469 1062 ut
489 1031 586 1062 bonus
605 1034 654 1061 νίν
673 1042 733 1061 7107!
755 1032 932 1067 irasc-alar,
958 1030 1079 1061 mutavi
1099 1041 1139 1061 ex
1166 1029 1242 1061 cod.
1264 1031 1302 1061 A.
1324 1049 1373 1053 —
1393 1026 1507 1064 CAP.
1529 1027 1633 1069 XVI,
1656 1028 1690 1063 ’2.
1721 1030 1823 1067 Quod

57 1082 235 1115 Pincianus
263 1095 327 1115 non
354 1083 490 1114 sole'dam
508 1085 685 1124 ozeqm‘lekzm
704 1081 762 1113 sed
783 1083 946 1113 insolz'lom
966 1081 1029 1113 dici
1048 1081 1162 1121 voluit,
1183 1093 1316 1113 causam
1342 1094 1406 1113 non
1433 1082 1515 1114 hanc
1541 1082 1647 1114 solum
1668 1082 1822 1114 habuisse

60 1135 200 1174 videtur,
221 1134 312 1177 quod
331 1135 362 1166 in
383 1134 578 1177 quibusdam
595 1133 694 1166 codd.
715 1135 810 1165 soma
831 1145 890 1176 pro
911 1134 1014 1165 solida
1034 1134 1191 1176 scriptum
1210 1140 1391 1176 repererat,
1412 1134 1471 1165 sed
1486 1135 1673 1176 graviorem
1689 1140 1725 1166 ut
1740 1141 1821 1178 puto

57 1186 154 1224 hanc,
183 1186 275 1230 quod
294 1198 360 1218 uno
380 1186 550 1226 hocloco,
580 1187 607 1217 si
626 1192 717 1217 recte
737 1186 877 1225 memini,
912 1185 1109 1217 vocabulum
1137 1185 1216 1217 illud
1243 1186 1400 1218 translata
1427 1186 1558 1229 quidem
1578 1186 1821 1230 significatione

57 1250 122 1270 non
157 1238 198 1270 de
223 1250 259 1270 re
278 1239 364 1270 bona
386 1238 520 1277 dicitur3
552 1238 673 1270 rectius
693 1237 835 1269 sortasse
860 1236 1016 1280 conjicias
1035 1238 1201 1275 solidalm·
1231 1237 1291 1270 sed
1312 1239 1464 1280 quoniam
1484 1238 1664 1270 verendum
1684 1244 1746 1277 est,
1780 1250 1822 1271 ne

58 1290 177 1322 eodem
197 1290 296 1322 modo
317 1302 463 1322 erremus
482 1291 513 1322 in
533 1290 593 1322 hac
614 1302 706 1325 voce,
729 1301 795 1332 quo
815 1289 868 1321 alii
886 1290 915 1321 in
936 1289 1148 1333 impendendi
1166 1290 1280 1329 verbo,
1309 1290 1350 1322 de
1371 1302 1435 1333 quo
1455 1302 1555 1333 supra
1576 1290 1652 1328 dixi,
1680 1291 1822 1334 scriptu-

57 1353 126 1374 ram
152 1342 320 1386 vulgatam
345 1354 411 1374 non
439 1348 548 1382 mut03
582 1347 730 1374 ceterum
749 1342 853 1373 simile
881 1348 933 1373 est
952 1348 985 1374 et
1004 1343 1081 1373 item
1100 1342 1196 1374 unius
1217 1342 1369 1385 exempli,
1404 1342 1494 1385 quod
1513 1342 1600 1374 Dial.
1622 1343 1649 1377 I.
1679 1354 1707 1374 c.
1730 1344 1763 1382 6,
1785 1344 1820 1375 4.

57 1406 134 1426 ‘rem
151 1393 303 1435 fiaeedilas
323 1394 454 1426 dicitur.
479 1414 523 1417 —
550 1395 597 1426 Ιὸ.
618 1394 637 1433 ἓ
659 1396 680 1425 4
701 1393 775 1437 (3).
805 1394 915 1425 (lomus
941 1395 1058 1426 (liz-iles
1077 1394 1202 1437 scripsi,
1229 1395 1305 1437 quia
1333 1395 1361 1425 in
1384 1394 1458 1426 cod.
1479 1395 1518 1426 A.
1540 1400 1574 1426 et
1599 1395 1667 1426 aliis
1689 1394 1820 1426 duobus

59 1452 110 1478 est
128 1446 238 1478 domus
257 1447 394 1483 ‹lz'z·1'l2's,·
427 1447 531 1478 minus
551 1451 642 1478 recte
663 1445 715 1477 alii
734 1446 851 1483 domos,
877 1445 1092 1489 alii'denique
1113 1446 1236 1478 domum
1255 1447 1379 1480 ‹la-ilis,
1400 1452 1496 1478 aucta
1516 1446 1686 1489 paullatim
1707 1458 1817 1489 quam-

58 1498 104 1530 vis
123 1498 154 1530 in
174 1510 209 1529 re
228 1498 356 1530 minima
377 1498 628 1541 depravatione;
649 1503 796 1529 ceterum
816 1498 975 1541 pluralem
996 1509 1166 1530 numerum
1187 1499 1347 1541 aptiorem
1369 1511 1457 1536 csse,
1486 1504 1519 1530 et
1539 1498 1671 1541 quidem
1693 1499 1751 1539 sic,
1785 1504 1822 1531 ut

58 1561 124 1582 non
144 1550 250 1581 solum
268 1550 380 1593 plures
402 1550 518 1581 domus
538 1549 598 1581 sed
618 1550 715 1581 etiam
731 1550 841 1592 plures
862 1550 1008 1582 homines
1030 1550 1144 1582 divites
1164 1550 1399 1594 intelligantur,
1426 1551 1503 1582 satis
1525 1550 1733 1582 manifestum
1753 1556 1820 1590 est;

57 1601 182 1645 pariter
199 1602 230 1633 in
249 1602 488 1634 valetudinario
508 1601 619 1645 plures
639 1613 802 1645 pauperes
823 1608 898 1633 sunt
918 1608 951 1634 et
968 1603 1098 1645 utrique
1113 1614 1173 1646 per
1189 1602 1318 1634 diversa
1333 1608 1527 1645 aegrotant;
1552 1614 1654 1645 quare
1670 1602 1729 1634 nisi
1749 1602 1821 1634 lon-

58 1654 134 1697 gius
160 1665 179 1685 a
198 1653 297 1685 codd.
319 1653 494 1686 discedens
514 1654 624 1685 domus
643 1655 778 1685 ‹lit-ilum
797 1655 978 1697 scripseris,
1007 1654 1081 1685 nihil
1107 1655 1214 1698 aptius
1243 1660 1276 1686 et
1295 1656 1425 1687 Seneca
1445 1654 1576 1698 dignius
1605 1666 1703 1697 quam
1729 1654 1821 1698 quod

59 1717 125 1748 ego
152 1704 252 1737 edidi.
293 1706 396 1738 Simul
416 1711 526 1737 autem
545 1705 716 1737 sciendum
736 1711 797 1742 cst,
818 1706 996 1738 accusatiii
1014 1706 1097 1738 hanc
1116 1706 1381 1738 sormam-<lomus
1400 1712 1533 1750 praeter
1552 1706 1614 1738 hoc
1635 1707 1821 1750 exemplum

59 1756 148 1800 apud
172 1757 334 1789 Senecam
360 1757 515 1800 gravibus
542 1757 737 1789 testimoniis
763 1758 988 1800 c01npr0bari;
1022 1770 1095 1790 nam
1121 1764 1155 1791 et
1180 1759 1262 1791 insra
1286 1771 1314 1790 c.
1342 1760 1398 1799 19,
1426 1760 1458 1790 2.
1487 1770 1601 1790 rursus
1629 1771 1669 1790 ex
1695 1759 1833 1802 optimo'

59 1807 134 1840 cod.
155 1809 193 1840 A.
215 1811 300 1840 totas
318 1810 428 1840 domus
447 1809 592 1852 reposui,
614 1815 646 1841 ct
665 1810 804 1852 praebet
822 1810 899 1841 item
918 1813 1003 1842 intas
1023 1811 1134 1842 domus
1154 1811 1231 1843 cod.
1253 1811 1482 1853 palimpsestus
1503 1810 1646 1842 omnium
1666 1811 1821 1843 vetustis-

59 1861 158 1892 simus
174 1860 206 1892 in
221 1860 407 1904 fragmento
429 1860 520 1904 quod
534 1861 735 1893 Niebuhrius
755 1861 859 1893 edidit
873 1873 950 1906 pag.
971 1863 1054 1902 103,
1074 1863 1094 1894 l.
1115 1865 1145 1895 1.
1166 1863 1217 1895 vel
1236 1863 1266 1894 in
1282 1863 1430 1894 Fickerti
1449 1862 1503 1894 ed.
1531 1862 1594 1894 vol.
1610 1863 1674 1903 111,
1689 1875 1721 1906 p.
1734 1864 1818 1895 745.

60 1912 186 1944 Contra
204 1913 235 1944 in
255 1912 375 1945 eodem
394 1913 470 1945 cod.
491 1914 528 1945 A.
550 1914 655 1945 domos
671 1914 830 1957 scriptum
849 1926 922 1946 esse
941 1914 1108 1958 proditum
1128 1920 1179 1947 est
1197 1916 1227 1947 in
1246 1914 1333 1947 Dial.
1355 1915 1398 1951 X,
1424 1926 1452 1946 c.
1477 1916 1534 1953 14,
1561 1915 1582 1947 3
1605 1915 1668 1959 (6)
1689 1919 1722 1947 et
1740 1914 1820 1955 XII,

60 1975 88 1995 c.
120 1965 154 2004 7,
184 1965 200 1996 1
228 1964 283 2006 (6,
312 1966 364 2002 S).
391 1977 457 2008 quo
483 1964 558 1996 loco
586 1970 662 1997 ante
686 1966 727 1997 F.
756 1965 833 1998 edd.
865 1978 977 1999 omnes
1003 1967 1113 1999 (laneus
1137 1967 1334 2005 habuerunt,
1367 1966 1458 2009 quod
1486 1978 1526 1998 ex
1553 1977 1619 1998 uno
1646 1966 1722 1999 cod.
1747 1967 1821 1999 Me-

62 2014 140 2047 diol.
160 2015 205 2047 D.
225 2028 293 2048 sec.
313 2017 397 2049 XIII
417 2016 467 2048 vel
487 2017 568 2050 XIV
587 2023 754 2057 notatum3
772 2019 849 2050 item
866 2018 990 2063 legitur
1009 2020 1114 2051 domos
1133 2019 1221 2051 Dial.
1243 2020 1282 2057 V,
1307 2020 1364 2055 19,
1386 2020 1418 2050 5.
1441 2017 1482 2050 de
1500 2018 1631 2051 Beness'.
1660 2019 1737 2059 VII,
1759 2020 1819 2059 31,

61 2068 95 2098 5.
123 2067 218 2110 epist.
246 2068 306 2107 66,
335 2070 368 2101 8.
398 2070 456 2109 84,
487 2070 544 2101 1⁶2.
575 2070 633 2109 90,
660 2070 719 2102 43.
750 2071 833 2110 114,
861 2072 894 2102 5.
924 2072 956 2103 9.
985 2076 1018 2103 et
1036 2071 1068 2103 in
1094 2072 1131 2104 iis
1152 2071 1252 2109 libris,
1278 2082 1419 2113 quorum
1447 2070 1646 2103 vetustiores
1678 2076 1712 2103 et
1736 2071 1820 2103 inte-

60 2119 190 2162 griores
217 2118 316 2151 codd.
342 2132 418 2153 mss.
447 2133 511 2153 non
537 2126 730 2165 suppetunt,
754 2121 842 2154 Dial.
869 2122 931 2163 XI,
952 2135 980 2155 c.
1011 2124 1054 2155 16
1076 2123 1095 2162 §
1116 2125 1137 2155 4
1160 2122 1235 2167 (3).
1255 2123 1298 2154 ib.
1315 2123 1334 2163 ὃ
1354 2123 1375 2154 5
1397 2123 1467 2166 (4).
1487 2123 1566 2155 Nat.
1588 2124 1742 2160 Quaestt.
1762 2123 1820 2163 VI,

62 2181 91 2202 c.
121 2172 152 2210 l,
179 2172 212 2202 7.
240 2176 274 2202 et
292 2183 321 2203 c.
350 2173 409 2213 30,
431 2174 451 2204 5
473 2171 549 2217 (⁶2).
603 2175 713 2216 Atque
731 2173 816 2206 hanc
836 2174 968 2217 quidem
986 2175 1124 2207 formam
1144 2186 1341 2218 quamquam
1359 2175 1437 2206 satis
1458 2180 1588 2207 constat
1615 2175 1753 2207 librariis
1772 2174 1821 2206 sa-

60 2222 269 2254 miliariorem
288 2222 391 2256 fuisse
411 2230 444 2256 et
462 2224 551 2257 haud
576 2237 651 2257 raro
671 2224 789 2268 injuria
814 2238 886 2259 esse
912 2227 943 2259 in
969 2227 1069 2260 libros
1094 2227 1266 2267 invectam,
1294 2232 1404 2259 tamen
1431 2226 1581 2270 exempla
1604 2227 1658 2259 illa
1681 2227 1821 2259 intuenti

14 2280 15 2305 3
61 2284 203 2316 peccare
217 2274 380 2315 videatur,
400 2276 426 2308 si
441 2276 513 2320 quis
529 2277 665 2309 alteram
680 2278 766 2310 illam
781 2279 932 2311 Senecae
947 2279 1070 2323 ubique
1085 2279 1248 2320 restituat,
1269 2284 1302 2311 et
1315 2283 1464 2322 praestat
1482 2279 1514 2310 in
1533 2291 1573 2311 eo
1593 2279 1820 2322 acquiescere,

63 2330 101 2357 ut
119 2325 226 2369 ipsum
246 2328 409 2361 Senecam
428 2328 459 2360 in
480 2327 551 2371 ejus
571 2341 634 2362 usu
652 2329 893 2364 inconstantem
910 2331 1013 2364 fuisse
1034 2331 1191 2364 dicamus.
1219 2350 1269 2355 -
1295 2327 1411 2366 CAP.
1430 2327 1556 2373 XVII,
1575 2329 1611 2365 5.
1630 2332 1742 2376 (XVI,
1765 2332 1821 2364 10.

1448 2384 1468 2405 c)
