1981 2594
941 128 966 169 5

69 238 104 270 id
130 238 183 271 hic
210 237 441 281 expellendum
469 236 595 275 censui,
631 235 687 266 ubi
715 236 742 266 si
768 234 820 266 vel
838 234 977 266 maxime
1008 240 1123 277 posset
1141 235 1294 266 Senecae
1313 235 1422 275 tribui,
1447 241 1556 268 tamen
1576 236 1659 268 male
1679 242 1756 279 post
1773 236 1840 268 for-

70 291 189 322 tiorem
209 288 377 321 saeviendi
396 299 511 319 vocem
530 292 723 330 poneretur.
780 285 849 317 Sed
869 285 960 328 quod
976 286 1018 317 ·in
1038 286 1127 317 libris
1156 291 1207 317 est
1233 289 1265 316 iu
1287 289 1366 317 vitio
1388 287 1599 319 commodum
1618 287 1719 319 habet
1738 288 1840 330 expli-

71 347 198 378 catum;
218 340 362 372 inculcat
377 340 508 371 Seneca
528 337 620 381 quod
639 349 740 381 saepe
761 337 851 377 dicit,
871 337 1028 379 sapientis
1047 337 1201 368 virtutem
1220 337 1361 380 positam
1381 350 1455 369 esse
1475 350 1575 381 supra
1593 339 1748 370 fortunae
1768 351 1842 371 sae-

70 393 190 431 vitiam,
226 403 284 423 eos
311 396 433 431 autem,
469 391 524 432 qui
550 401 615 421 non
642 389 706 421 sint
729 389 896 431 sapientes
924 388 985 419 sed
1012 388 1093 419 vitiis
1114 387 1228 428 dediti,
1262 394 1399 431 propter
1424 390 1493 431 ipsa
1523 391 1597 422 vitia
1623 402 1683 422 sua
1704 402 1777 422 esse
1797 390 1841 421 illi

70 442 253 485 subjectos,
272 441 306 473 id
326 441 417 485 quod
437 453 537 484 supra
557 453 585 473 c.
609 442 642 480 6,
664 438 685 472 7
706 439 858 482 exemplo
887 439 1031 477 divitum7
1052 439 1314 476 libidinosorum,
1335 440 1594 479 ambitiosorum,
1615 441 1841 473 feneratorum

71 494 318 526 demonstravit.
373 493 531 535 Denique
556 491 647 534 quod
672 491 748 522 vitia
775 490 839 521 dici
864 490 1017 522 videntur
1042 502 1102 533 pro
1128 491 1312 522 hominibus
1340 491 1476 527 xitiosis,
1511 493 1626 524 mirum
1653 504 1717 524 non
1739 494 1841 524 estin

71 546 214 584 Seneca,
235 556 296 576 nec
312 545 350 576 fit
369 545 438 576 sine
458 545 603 581 ratione3
624 543 699 573 vitia
719 543 803 573 enim
823 547 910 580 sunt,
931 554 996 573 non
1013 541 1101 573 aliud
1119 542 1298 584 quidquam
1318 542 1348 573 in
1366 543 1560 581 hominibus,
1581 543 1671 586 quod
1688 543 1841 575 fortunae

70 597 238 628 saevitiam
257 597 288 627 iu
309 607 366 627 eos
386 600 564 638 provocet;
583 605 646 625 nec
665 593 760 625 aliter
780 593 904 624 (lictum
923 605 1022 636 supra
1042 605 1070 624 c.
1094 595 1128 632 ⁴2,
1151 595 1184 632 ζ),
1205 594 1361 624 adversus
1380 597 1461 625 vilia
1481 598 1627 626 civitatis
1646 598 1752 631 stare,
1785 601 1842 626 aut

71 647 113 679 de
134 648 238 679 Clem.
258 647 286 687 I,
308 648 366 685 17,
388 649 421 677 Q.
451 647 574 677 luctare·
590 657 658 677 cum
678 647 779 682 vitiis,
815 649 848 675 et
867 644 946 675 talia
965 644 1114 687 plurima.
1140 663 1188 667 —
1204 646 1246 675 ib.
1267 646 1284 684 ς’
1302 646 1321 676 3
1344 645 1416 688 (ΞΣ).
1438 658 1495 677 uec
1514 648 1612 678 ala'ler
1630 649 1758 678 careret
1776 649 1841 687 ira]

69 699 115 730 ita
135 698 250 741 optimi
269 697 368 729 codd.
391 708 588 739 quamquam
604 698 642 728 A.
664 707 682 727 a
697 707 746 738 pr.
764 707 805 727 m.
826 695 989 727 habuerat
1008 699 1108 735 caret,
1129 695 1220 738 quod
1240 707 1354 727 errore
1375 702 1482 728 ortum
1502 698 1607 729 teneri
1627 709 1692 729 non
1715 698 1840 729 debuit.

69 769 120 774 --
140 747 250 783 CAP.
272 745 320 787 X,
348 746 376 780 l.
413 748 537 791 Scripsi
565 760 628 789 qua
653 767 703 771 —
728 746 958 786 rcffttlalu'mus,
988 748 1064 789 quia
1090 747 1185 778 aliter
1210 759 1275 778 non
1303 748 1412 790 potuit
1438 750 1580 787 Seneca,
1611 750 1666 780 ubi
1686 749 1762 780 nihil
1782 749 1842 780 nisi

69 800 242 844 praedicit,
263 799 342 842 quid
361 806 523 842 sequente
542 799 613 830 libri
632 804 727 841 parte
746 803 947 830 tractaturus
967 798 1024 835 sit:
1044 797 1136 841 quod
1155 798 1196 829 F.
1218 802 1368 839 quomam
1387 811 1446 841 pro
1467 812 1529 841 qua
1549 801 1678 842 posuit,
1706 801 1803 843 plane
1824 812 1842 832 a

69 863 106 883 re
129 851 298 895 proposita
318 850 458 882 alienum
480 857 539 888 est,
558 851 592 881 id
613 849 702 892 quod
723 850 912 892 superiores
927 848 996 891 jam
1017 849 1163 881 editores
1182 857 1438 892 perspexerunt;
1472 863 1532 883 nec
1559 864 1642 893 opus
1670 858 1741 883 erat
1767 864 1842 883 cum

69 903 129 934 illis
155 915 219 944 qua
246 905 309 933 iam
330 902 486 939 scribere,
521 913 595 933 cum
615 902 645 933 in
667 900 743 932 cod.
764 902 801 932 A.
823 901 863 932 sit
882 912 987 942 quam,
1022 901 1084 933 levi
1109 900 1190 932 illud
1211 912 1324 932 errore
1350 913 1389 933 ex
1410 915 1471 943 qua
1493 909 1612 942 ortum,
1640 903 1731 945 quod
1750 908 1843 935 tenet

70 954 146 986 cod.
165 953 370 992 Ortelianus3
390 954 459 996 pari
479 952 579 984 modo
599 964 694 995 quam
712 952 813 983 habet
831 951 939 983 codex
960 953 1101 994 optimus
1116 952 1221 984 Paris.
1242 964 1302 994 pro
1322 964 1385 994 qua
1401 954 1507 996 Epist.
1526 955 1583 992 66,
1600 956 1659 986 34.
1681 954 1722 986 cs.
1738 955 1779 986 F.
1801 954 1842 986 ad

70 1006 135 1048 Ep.
147 1006 225 1044 9,4.
241 1004 455 1044 residat-imus
470 1010 580 1036 autem
595 1010 707 1036 natum
723 1016 741 1035 e
757 1002 953 1034 confusione
969 1004 986 1034 ὀ
1002 1009 1035 1035 et
1051 1016 1069 1035 n
1084 1004 1278 1044 litterarum,
1293 1005 1323 1036 in
1341 1005 1569 1047 antiquissimis
1584 1006 1671 1037 libris
1686 1006 1841 1048 frequen-

70 1056 208 1093 tissima:
229 1062 378 1088 ceterum
396 1057 427 1088 in
447 1056 504 1088 tali
522 1067 558 1087 re
578 1055 725 1087 futurum
745 1060 875 1098 tempus
897 1056 1049 1087 Senecae
1070 1055 1143 1087 usui
1163 1056 1328 1087 convenit.
1373 1056 1506 1088 Deinde
1521 1061 1683 1098 possimus
1703 1069 1743 1088 ex
1764 1057 1840 1089 cod.

70 1110 109 1140 A.
130 1114 163 1139 et
183 1108 251 1139 aliis
272 1107 403 1139 duobus
422 1107 559 1150 reposui
578 1119 638 1150 pro
658 1106 834 1138 indicativo
851 1118 1046 1148 possllllllls,·
1074 1107 1129 1138 illo
1150 1107 1234 1139 enim
1255 1107 1335 1150 quid
1355 1119 1394 1138 cx
1416 1108 1540 1139 minore
1560 1109 1682 1140 ambitu
1703 1107 1842 1151 iujuriae

72 1165 298 1201 consequatur
316 1159 478 1199 aestimat,
498 1159 715 1201 sequentibus
735 1158 842 1189 verbis
863 1158 975 1195 refertq
996 1158 1076 1201 quid
1094 1158 1218 1190 sactum
1237 1159 1288 1191 sit.
1316 1179 1367 1183 ——
1387 1160 1428 1192 fh.
1450 1160 1468 1198 ἓ
1491 1161 1523 1191 3.
1557 1164 1690 1201 sapiens
1710 1180 1756 1189 .—
1776 1172 1842 1192 ma-

70 1211 271 1253 gnitudinem
297 1222 388 1242 suam
414 1213 503 1242 norit
522 1211 663 1251 nullique
684 1213 808 1241 lanium
829 1210 869 1241 (le
888 1223 922 1241 se
941 1211 1038 1242 licere
1057 1214 1194 1242 nunciat
1211 1211 1288 1251 sibi]
1313 1210 1478 1242 Admonet
1505 1222 1556 1242 me
1582 1211 1633 1243 hic
1658 1211 1771 1251 locus,
1808 1218 1843 1243 ut

72 1273 218 1293 errorem
238 1262 414 1305 corrigam,
434 1262 463 1294 in
485 1273 551 1304 quo
572 1262 682 1293 socios
702 1261 802 1292 habui
822 1261 908 1293 viros
927 1262 1227 1304 praestantissimos
1250 1274 1375 1296 omnes,
1402 1262 1457 1304 qui
1476 1261 1605 1304 Vellejo
1633 1262 1842 1294 emendando

72 1325 207 1356 operam
234 1313 417 1352 dederunt3
451 1313 538 1356 apud
563 1313 652 1345 illum
673 1313 758 1345 enim
784 1313 839 1344 lib.
860 1313 907 1353 ΙΙ,
934 1325 963 1344 c.
986 1314 1043 1350 (36,
1075 1315 1089 1345 1
1114 1313 1156 1345 de
1175 1314 1318 1346 Antonio
1346 1320 1378 1345 et
1404 1313 1536 1356 Lepido
1563 1314 1643 1345 haec
1669 1314 1842 1357 leguntur:

71 1376 141 1396 aum
169 1365 259 1395 ambo
285 1366 416 1396 mallent
440 1366 507 1396 sibe·
522 1368 679 1397 uuuciari
702 1365 783 1406 quid
803 1367 903 1406 passi
918 1368 1025 1395 esseut
1042 1376 1138 1406 quam
1157 1366 1237 1407 quid
1255 1369 1485 1403 enzerm'ssenl;
1517 1377 1591 1396 cum
1616 1371 1726 1396 autem
1745 1377 1842 1397 nemo

72 1415 273 1459 singularem
293 1415 470 1447 nunciandi
498 1416 588 1447 verbi
612 1427 708 1448 usum
740 1415 897 1453 novisset,
928 1415 1023 1447 variis
1050 1416 1155 1448 modis
1181 1417 1291 1448 locum
1318 1417 1406 1448 illum
1433 1417 1611 1448 emendare
1631 1416 1843 1457 studuerunt,

73 1467 182 1499 donec
210 1467 358 1498 Kritzius
385 1467 415 1498 in
435 1479 510 1499 mea
535 1467 768 1499 emendatione
794 1467 959 1509 acquievit
987 1467 1042 1509 qui
1062 1467 1191 1510 conjeci
1210 1471 1370 1509 impulari
1390 1468 1612 1507 scribendum„
1646 1467 1747 1510 idque
1772 1468 1843 1511 ipse

73 1530 208 1561 quoque
228 1530 300 1549 mea
321 1518 466 1550 editione
486 1519 615 1560 recepi3
636 1529 746 1559 neque
767 1523 818 1548 est
837 1529 896 1548 cur
916 1517 1131 1559 conjecturae
1151 1520 1333 1561 poeniteat,
1368 1519 1463 1550 video
1491 1525 1599 1550 tamen
1621 1519 1744 1550 rectius
1763 1531 1843 1550 uuu-

72 1573 162 1602 ce'are
182 1569 291 1605 scribi,
312 1569 346 1600 id
366 1569 457 1611 quod
478 1574 511 1600 et
529 1569 581 1600 hic
602 1569 755 1600 Senecae
773 1568 868 1599 locus
889 1570 1062 1600 confirmat
1082 1575 1115 1601 et
1135 1570 1216 1601 alius
1236 1570 1323 1601 Dial.
1345 1569 1406 1608 XI,
1428 1582 1455 1601 c.
1479 1571 1512 1607 6,
1544 1572 1574 1601 l.
1604 1571 1716 1602 Putat
1735 1573 1767 1602 el
1786 1571 1843 1602 illa

72 1633 125 1653 res
144 1633 163 1652 a
183 1622 269 1652 lucin
290 1624 320 1652 le
334 1622 509 1662 prohibere
527 1623 638 1658 minzio,
666 1623 699 1652 si
715 1621 779 1652 {ihi
795 1623 865 1661 ipse
883 1623 1139 1658 renunciat-eris,
1168 1622 1254 1652 m'la'l
1271 1622 1393 1652 lterum.
1420 1633 1503 1662 quae
1521 1620 1628 1661 sacis,
1650 1633 1746 1663 posse
1771 1622 1844 1653 sula-

73 1673 162 1704 (luci.
217 1672 367 1704 Pertinet
392 1672 470 1703 item
497 1670 594 1713 hujus
623 1683 703 1703 usus
731 1671 920 1702 observatio
949 1671 991 1702 ad
1015 1671 1125 1703 locum
1146 1672 1337 1708 Quintiliani
1357 1672 1588 1715 explicandum
1609 1679 1642 1704 et
1662 1672 1843 1704 defenden-

75 1723 164 1763 dum,
200 1723 242 1755 ad
277 1735 375 1766 quem
400 1730 492 1755 recte
519 1723 560 1755 de
579 1722 709 1766 Vellejo
732 1721 799 1765 jam
820 1729 896 1754 ante
915 1735 967 1754 me
991 1723 1145 1755 statuisse
1165 1724 1365 1766 Zumptium,
1385 1731 1418 1755 et
1436 1724 1598 1755 Kritzium
1618 1723 1705 1768 fugit
1724 1731 1757 1756 et
1776 1736 1842 1768 ego

74 1786 161 1806 nunc
181 1774 313 1806 demum
333 1775 494 1818 cognovig
515 1779 566 1806 est
585 1781 695 1806 autem
714 1774 809 1805 locus
829 1773 881 1805 hic
899 1774 954 1806 lib.
976 1775 1055 1814 XII,
1077 1787 1105 1807 c.
1131 1777 1188 1815 ll,
1213 1778 1270 1807 10.
1298 1787 1408 1807 vereor
1427 1788 1466 1807 ue
1485 1795 1533 1800 ——-
1550 1776 1678 1817 paudus
1702 1778 1844 1817 reipar-

74 1827 264 1858 horrescam!
283 1838 322 1858 ac
341 1827 513 1868 desperent
531 1829 608 1858 aule
626 1828 898 1868 experimculuuu
918 1827 976 1857 sed
993 1827 1180 1868 ltipre'mum
1200 1830 1389 1858 renutat-ient
1408 1828 1483 1859 sibi.
1503 1830 1625 1868 (sucula
1645 1830 1692 1859 sit
1709 1828 1847 1858 humaui

74 1880 202 1920 iugem?
216 1881 275 1910 ris.
295 1889 389 1919 quam
404 1881 520 1919 polens
539 1877 714 1920 afficiendi
730 1889 812 1919 quae
832 1878 929 1915 z·el1'l,·
947 1897 997 1900 —
1016 1881 1082 1909 lum
1101 1881 1253 1921 cogfleul,
1279 1881 1432 1919 (gamalam
1457 1890 1522 1909 rem
1545 1881 1663 1920 peloul
1687 1890 1845 1920 quamque

74 1930 181 1960 nullus
200 1932 244 1960 sit
263 1930 321 1960 hoc
336 1932 503 1971 proposito
518 1932 665 1970 praemio
684 1929 774 1960 [αὖον
792 1929 1004 1960 recusandus.
1058 1930 1190 1961 Eodem
1218 1942 1317 1961 sensu
1337 1929 1484 1961 similiter
1504 1932 1634 1962 Seneca
1655 1928 1736 1961 dixit
1753 1930 1842 1961 Dial.

74 1980 134 2020 IV,
154 1992 183 2012 c.
205 1982 264 2020 ⁶28,
286 1982 320 2012 6.
341 1981 386 2012 ad
403 1993 437 2012 se
456 1980 592 2020 referre,
612 1986 649 2012 ut
668 1980 709 2012 sit
727 1979 788 2011 sibi
806 1980 913 2022 ipsum
933 1979 1057 2021 dicere,
1077 1993 1190 2014 secum
1211 1981 1373 2024 cogitare.
1395 2000 1444 2004 —
1464 1982 1510 2012 lb.
1538 1983 1556 2021 ᾗ
1577 1983 1609 2012 4.
1633 1982 1720 2013 uulla
1742 1984 1845 2012 virtus

75 2034 133 2070 est,
152 2043 235 2073 quae
253 2044 314 2063 uon
334 2035 456 2063 sentiat
474 2044 508 2063 se
523 2028 671 2078 perpeti]
701 2032 752 2063 Ita
772 2043 846 2063 cum
867 2031 966 2063 codd.
988 2032 1147 2075 scriptum
1168 2033 1266 2069 volui,
1287 2032 1348 2064 sed
1367 2032 1480 2064 nescio
1502 2044 1567 2075 quo
1589 2044 1702 2064 errore
1724 2032 1844 2064 omissa

76 2087 128 2114 est
145 2094 208 2114 vox
228 2095 286 2121 ειη
312 2083 390 2114 nihil
410 2090 520 2115 autem
540 2089 591 2115 est
615 2083 647 2114 in
672 2083 726 2114 illa
751 2083 925 2126 scriptura,
954 2083 1046 2126 quod
1072 2084 1271 2127 reprehendi
1296 2084 1416 2126 possit:
1445 2084 1565 2115 nullam
1590 2084 1742 2116 virtutem
1771 2095 1845 2115 esse

76 2134 121 2165 ait
149 2135 290 2173 Seneca,
324 2146 410 2177 quae
436 2135 507 2166 sine
533 2146 633 2167 sensu
659 2134 720 2173 sit;
754 2146 818 2166 non
844 2146 933 2178 nego
961 2140 1069 2167 tamen
1089 2136 1170 2168 illud
1191 2147 1326 2178 quoque
1351 2136 1485 2178 placere
1504 2147 1616 2178 posse,
1648 2135 1675 2167 si
1699 2135 1729 2166 in
1755 2135 1844 2166 libris

76 2190 183 2217 esset:
203 2187 292 2217 nulla
311 2189 415 2217 virtus
433 2190 492 2225 est,
511 2198 594 2228 quae
612 2198 673 2218 uon
693 2189 818 2217 sentias
832 2189 974 2228 perpeti,
994 2192 1031 2219 ut
1049 2199 1131 2229 quae
1151 2188 1192 2218 sit
1212 2198 1299 2218 num.
1317 2187 1402 2230 plur.
1420 2199 1498 2230 gen.
1514 2193 1624 2220 neutr.
1646 2197 1844 2229 quamquam

77 2237 123 2268 sic
143 2248 279 2279 quoque
297 2237 433 2269 retineri
450 2243 584 2280 poterat
597 2241 721 2270 seule'al
740 2243 773 2269 et
792 2237 930 2281 intelligi
949 2239 1092 2281 sapiens.
1118 2258 1156 2262 —-
1184 2234 1299 2271 CAP.
1321 2235 1388 2279 XI,
1423 2238 1451 2270 l.
1482 2238 1583 2274 Quod
1609 2250 1649 2270 ex
1674 2249 1739 2269 uno
1767 2234 1843 2269 cod'.

77 2288 152 2319 Col.
179 2289 305 2331 recepit
330 2289 391 2320 F.:
423 2290 676 2332 pulcherrimam
702 2292 852 2321 virtulem
878 2292 1028 2330 omnium,
1061 2292 1167 2322 am'uu‘
1188 2293 1375 2330 sanilalem,
1400 2301 1466 2322 non
1491 2290 1595 2322 visum
1629 2294 1680 2321 est
1713 2289 1846 2332 probari
