1981 2594
1017 119 1066 161 12

162 235 303 276 pennz's‚·
324 231 483 262 veriorem
503 228 697 270 scripturam
714 226 852 270 praebet
870 226 957 258 idem
978 226 1054 258 cod.
1073 227 1101 258 A
1119 226 1218 269 paulo
1239 232 1317 269 post
1336 232 1369 259 et
1388 227 1464 260 cod.
1485 229 1691 261 Nazarianus
1718 228 1761 260 de
1777 229 1881 263 Clem.
1897 231 1925 271 Ι,

168 297 196 317 c.
221 286 277 323 12,
298 284 330 314 5.
352 281 392 313 cf.
415 281 491 312 Sen.
513 278 686 322 Hippolyt.
707 290 737 309 v.
759 279 817 312 46.
846 297 897 302 —-
924 274 1039 312 CAP.
1060 274 1145 319 Xll,
1165 276 1188 311 6
1209 282 1244 312 et
1262 275 1369 321 XIII,
1393 278 1425 312 l.
1447 279 1563 324 (XIII,
1586 280 1640 325 3.)
1676 281 1806 325 Recepi
1826 282 1928 325 pluri-

166 346 290 368 morum
315 332 413 365 codd.
443 331 649 374 scripturam,
679 341 776 372 quam
803 330 1003 373 probaverat
1030 331 1128 362 etiam
1153 330 1207 370 F„
1237 341 1435 373 quamquam
1465 332 1599 364 retinuit
1631 332 1797 376 vulgatam
1825 333 1926 366 hanc:

166 389 292 419 comites
311 386 379 429 ejus
397 383 574 423 adseclas?
593 383 666 415 Non
686 385 817 414 est—-.
837 401 887 406 —
907 378 1021 416 CAP.
1043 378 1147 419 XIH,
1169 379 1190 414 3
1212 380 1287 427 (5).
1307 383 1414 415 Debet
1431 386 1482 415 ira
1502 387 1677 426 removeri.]
1697 385 1815 417 sustuli
1834 385 1929 429 quod

167 444 243 482 post
267 437 347 469 haec
366 435 464 467 verba
490 434 591 478 vulgo
611 434 799 477 ponebatur
825 433 1051 477 interrogandi
1077 434 1219 478 signum.
1253 454 1302 458 -—
1336 431 1450 469 CAP.
1470 431 1557 473 XV,
1586 434 1617 468 1.
1642 436 1754 476 for-Ha
1780 437 1856 470 cod.
1886 439 1925 470 A.

166 489 331 534 praebuit;
358 485 628 530 vulgosorliora.
647 505 699 509 —
718 482 833 520 CAP.
850 482 993 526 XVIII,
1017 484 1033 517 1
1054 483 1127 530 (2).
1148 487 1258 518 Voces
1278 489 1313 518 ut
1330 489 1465 518 vilemus
1484 487 1576 519 uncis
1595 488 1731 528 inclusi;
1750 489 1926 522 manifesto

166 542 249 573 enim
270 546 344 572 sunt
363 551 380 571 e
400 538 547 582 margine
567 537 676 569 illatae
695 537 796 581 idque
816 538 923 569 alieno
944 538 1031 578 loco,
1053 539 1202 570 nimirum
1221 537 1383 582 interpres
1404 539 1440 570 iis
1462 550 1527 570 non
1554 551 1752 582 compescere
1778 542 1926 581 verbum,

166 592 226 625 sed
251 593 401 634 repellere
429 590 593 633 explicare
618 590 733 622 voluit.
752 609 804 613 —
823 586 939 623 CAP.
960 585 1048 630 XX,
1077 587 1097 621 2
1128 587 1200 634 (3)
1230 591 1307 622 Non
1334 590 1557 634 spernendum
1583 591 1672 632 duxi,
1701 592 1792 635 quod
1819 598 1870 625 est
1895 594 1927 625 in

166 644 241 677 cod.
262 646 298 675 A.
320 643 475 684 implendi
490 645 557 673 sint
576 653 635 684 pro
656 642 792 685 vulgato
812 645 910 679 snm,-
935 653 976 672 ex
1003 640 1122 673 eodem
1144 641 1264 673 deinde
1284 642 1302 681 ᾗ
1324 644 1345 674 4
1366 642 1489 675 adscivi
1515 644 1743 676 dessz'me'llimr's
1768 655 1828 688 pro
1857 645 1926 677 vul-

165 701 243 740 gato
266 695 485 726 ‹issa-indatus.
504 713 555 718 -—-
574 690 689 728 CAP.
710 690 817 733 XXI,
839 691 861 725 7
883 691 955 738 (5).
985 705 1080 724 (zares
1099 694 1257 735 superbas
1283 694 1526 726 adsentatorum
1551 696 1646 727 turba
1669 699 1928 738 circumstrepit.-

164 748 266 789 „Tibi
281 750 362 778 enim
381 747 434 777 ille
453 746 692 788 respondeam]
720 745 815 777 Duas
836 757 953 777 causas
972 745 1082 781 habui,
1103 757 1162 776 cur
1182 757 1200 777 e
1219 757 1291 777 mea
1319 745 1511 788 conjectura
1537 750 1780 790 circumstrepit
1802 748 1927 780 seribe-

164 811 231 832 rem
250 810 307 842 pro
329 798 462 841 vulgato
482 800 719 835 circnmsletz'i;
750 809 823 829 nam
850 797 988 840 primum
1015 809 1081 828 non
1106 797 1204 828 homo
1226 798 1295 840 ipsc
1324 798 1518 842 appellatur,
1546 799 1605 831 sed
1634 800 1799 843 superbae
1819 811 1927 841 aures,

166 863 245 894 quas
260 851 343 882 bene
363 851 649 892 circumstrepere,
669 861 735 881 non
755 850 841 880 bene
857 850 1070 881 circumstare
1090 849 1185 881 turba
1205 849 1454 882 adsentatorum
1472 850 1609 891 dicitur3
1630 851 1750 884 deinde
1769 857 1807 884 ut
1825 863 1927 896 saepe

165 903 249 935 solet
264 903 392 934 Seneca
408 913 488 933 suae
509 901 648 933 orationi
667 913 838 933 sermones
858 901 1023 932 hominum
1044 901 1238 939 admiscere,
1259 902 1303 933 ita
1322 901 1374 933 hic
1394 914 1529 946 quoque
1550 902 1671 935 deinde
1690 904 1927 936 blandientium

165 955 263 986 verba
282 959 474 996 sequuntur.
496 953 537 985 ad
554 965 639 996 quae
660 954 826 996 aptissime
846 965 1090 996 praeparamur,
1110 953 1135 984 si
1155 953 1197 984 illi
1218 965 1283 985 non
1304 954 1554 986 circumstantes
1574 955 1635 987 sed
1652 955 1926 999 circumstrepen-

165 1012 214 1038 tes
234 1006 447 1049 appellantur.
479 1005 530 1037 Cf.
552 1006 647 1049 epist.
670 1007 729 1045 91,
753 1007 810 1037 18.
840 1006 913 1037 Non
933 1008 981 1036 est
1000 1008 1124 1041 (aulen,
1157 1006 1241 1047 quod
1260 1008 1344 1041 istis,
1370 1009 1429 1048 qui
1444 1010 1475 1038 lc
1493 1010 1775 1049 ce'rcmnslrepmal‘,
1800 1009 1926 1040 credas.

166 1058 233 1090 Sed
259 1063 353 1089 erunt
381 1063 489 1089 tamen
517 1057 671 1095 sortasse,
699 1058 753 1100 qui
778 1057 826 1088 his
847 1057 1028 1089 rationibus
1048 1069 1115 1089 rem
1137 1058 1254 1089 confici
1274 1069 1340 1089 non
1360 1064 1478 1102 putent
1497 1065 1597 1102 atque
1623 1059 1698 1090 mihi
1717 1060 1778 1102 ipsi
1797 1060 1926 1092 interim

166 1110 336 1152 scrupulus
352 1110 512 1141 subnatus
533 1115 600 1149 est;
622 1109 737 1141 dubito
759 1110 842 1140 enim
864 1121 903 1140 an
921 1109 1054 1141 verbum
1075 1109 1153 1141 illud
1174 1113 1440 1152 circumstrepere
1459 1111 1566 1143 soleat
1582 1111 1624 1143 de
1639 1111 1779 1144 molesto
1798 1117 1926 1144 tantum

165 1173 246 1194 sono
267 1168 298 1193 et
319 1161 359 1193 de
380 1160 543 1204 ejusmodi
562 1162 668 1193 verbis
688 1161 738 1193 vel
759 1161 962 1193 orationibus
984 1161 1059 1197 dici,
1090 1173 1176 1204 quae
1203 1162 1266 1193 sint
1290 1162 1434 1194 minaces
1462 1169 1495 1194 et
1514 1164 1663 1195 timorem
1683 1164 1841 1203 afferant3
1862 1163 1927 1196 tale

166 1220 216 1246 est
234 1213 417 1256 exemplum
436 1213 526 1254 illud,
561 1213 651 1256 quod
671 1214 778 1256 posui,
805 1213 882 1245 talia
910 1213 1006 1245 etiam
1031 1214 1083 1244 illa
1102 1213 1190 1245 Dial.
1212 1214 1288 1254 VII,
1310 1226 1338 1246 c.
1364 1216 1421 1255 ll,
1446 1216 1476 1246 1.
1506 1216 1656 1257 quomodo
1675 1219 1806 1247 resr'slet
1824 1216 1930 1248 labore*

165 1269 197 1297 et
210 1267 364 1308 pericula,
385 1268 526 1308 egeslaffe'
542 1269 572 1296 el
598 1268 644 1296 sot
663 1266 835 1297 lmmmmm
854 1269 952 1297 rilem
971 1266 1310 1307 cz'rcmnslrepeu{ibus
1326 1269 1446 1298 minis?
1473 1267 1581 1310 Epist.
1600 1269 1659 1307 82,
1684 1269 1718 1299 4.
1736 1268 1796 1308 56,
1813 1269 1847 1299 4.
1867 1269 1924 1299 14.

165 1318 239 1349 talia
258 1318 334 1349 item
355 1323 430 1349 sunt
449 1317 521 1349 loca
539 1317 649 1349 Taciti
667 1317 741 1349 hist.
758 1318 802 1357 11,
824 1319 883 1349 4-1.
904 1318 986 1349 Ann.
1002 1318 1064 1356 ΙΙΙ,
1085 1318 1144 1349 36.
1166 1318 1226 1355 XI,
1248 1319 1306 1350 31.
1329 1324 1362 1350 et
1380 1318 1491 1350 Manil.
1512 1319 1540 1359 I,
1562 1320 1621 1351 23.
1651 1320 1765 1356 Quare
1785 1318 1827 1351 de
1847 1330 1926 1351 con-

160 1367 291 1412 jectura
309 1369 361 1401 illa
381 1381 475 1401 suum
496 1370 616 1412 cuique
632 1368 794 1412 judicium
815 1375 886 1401 esto
903 1381 1012 1412 neque
1032 1370 1062 1401 in
1083 1381 1122 1401 ea
1142 1370 1280 1401 vertitur
1297 1371 1368 1413 ipsa
1387 1369 1484 1413 hujus
1503 1370 1567 1403 loci
1588 1371 1769 1411 sententia3
1791 1376 1824 1403 at
1839 1382 1926 1414 quae

165 1427 347 1464 sequuntur
366 1422 463 1453 verba
482 1433 601 1453 vereor
620 1427 656 1453 ut
676 1422 847 1464 quisquam
868 1421 976 1453 adhuc
995 1421 1209 1459 intellexerit:
1228 1433 1294 1453 non
1314 1423 1398 1454 enim
1419 1422 1635 1455 crediderunt
1659 1422 1741 1455 haec
1766 1423 1837 1466 ipsa
1857 1421 1926 1465 jam

165 1473 280 1505 turbae
294 1474 393 1505 xerba
408 1486 495 1511 esse,
516 1473 576 1505 sed
598 1485 711 1505 eorum
728 1474 821 1516 quasi
836 1474 1095 1516 p¹·aesationcn1;
1115 1473 1326 1517 Ruhkopflus
1347 1480 1438 1506 certe
1455 1475 1509 1518 qui
1529 1476 1583 1507 ille
1596 1486 1780 1518 pronomen
1796 1475 1926 1507 omitte-

164 1525 232 1565 bat,
252 1532 288 1558 ut
308 1526 376 1557 lieri
396 1531 471 1557 ante
491 1526 531 1557 F.
554 1525 694 1566 solebat,
714 1525 950 1569 interpretatus
972 1532 1023 1557 est
1041 1525 1105 1557 sic:
1131 1527 1210 1557 hoec
1230 1527 1324 1557 turba
1344 1527 1407 1558 tibi
1423 1527 1532 1559 dicere
1549 1529 1638 1559 solet.
1659 1527 1689 1558 in
1710 1539 1776 1570 qua
1794 1527 1924 1558 ratione

166 1589 274 1620 neque
292 1577 495 1621 intelligitur,
516 1589 576 1609 cur
596 1579 726 1609 Seneca
746 1578 810 1609 tibi
824 1589 1006 1621 pronomen
1023 1578 1127 1621 primo
1147 1577 1222 1609 loco
1244 1578 1467 1618 collocaverit,
1488 1590 1597 1621 neque
1609 1579 1780 1622 quomodo
1795 1590 1925 1621 respon-

166 1629 240 1661 dere
267 1629 376 1661 dicere
402 1630 558 1673 potuerit,
593 1630 649 1661 ubi
668 1629 744 1661 nihil
764 1636 825 1663 est.
861 1629 901 1661 ad
923 1629 1292 1673 q110d1·espondeatur;
1322 1630 1499 1662 Fickertus
1519 1642 1610 1671 vero,
1645 1631 1700 1674 qui
1728 1632 1782 1663 ille
1808 1642 1925 1662 vocem

167 1681 318 1719 restituit,
340 1681 417 1724 quid
438 1682 609 1725 intelligat,
629 1693 694 1713 non
715 1681 806 1714 dixit.
861 1682 938 1724 Ego
965 1682 1047 1714 haec
1074 1681 1209 1713 omnino
1237 1694 1303 1713 non
1328 1681 1429 1714 credo
1456 1682 1596 1727 intelligi
1619 1694 1720 1726 posse
1746 1682 1806 1714 nisi
1824 1682 1925 1714 inter-

168 1733 305 1776 rogandi
330 1734 459 1777 signum
486 1740 646 1777 ponatur3
679 1739 784 1778 agunt
810 1733 1015 1766 blandientes
1043 1745 1152 1765 coram
1180 1745 1233 1774 eo,
1267 1734 1319 1766 cui
1345 1734 1568 1775 blandiuntur,
1601 1734 1643 1766 de
1670 1734 1773 1766 altero
1801 1734 1923 1777 aliquo,

170 1795 264 1827 quem
283 1785 308 1817 is
329 1797 367 1817 ex
387 1786 516 1817 illorum
536 1786 700 1818 sententia
718 1797 784 1817 non
804 1786 882 1817 satis
904 1785 1060 1829 despicit;
1083 1785 1123 1817 de
1143 1786 1207 1818 hoc
1226 1786 1328 1829 igitur
1346 1786 1570 1831 interrogant:
1596 1787 1653 1818 tibi
1673 1786 1769 1827 enim,
1803 1786 1924 1818 homini

168 1841 234 1867 tam
252 1837 438 1881 magnifico,
459 1838 547 1870 illum
568 1838 745 1870 convenire
766 1843 799 1869 et
819 1837 980 1882 dignitate
999 1837 1204 1881 respondere
1222 1842 1345 1881 putas?
1364 1838 1455 1881 quod
1474 1839 1500 1870 si
1519 1838 1611 1879 facis,
1630 1850 1695 1870 non
1711 1850 1771 1882 pro
1789 1837 1924 1882 fastigio

168 1893 203 1919 te
221 1893 278 1919 tuo
297 1890 429 1927 metiris,
456 1890 515 1922 sed
536 1891 606 1933 ipse
625 1896 658 1922 te
677 1889 822 1934 projicis.
878 1891 974 1921 Haec
1000 1901 1095 1921 nemo
1123 1901 1187 1922 non
1212 1889 1302 1922 videt
1328 1902 1402 1922 esse
1425 1891 1456 1922 in
1477 1902 1546 1923 rem
1566 1896 1775 1934 praesentem
1794 1901 1924 1922 accom-

168 1939 405 1980 modatissima;
440 1945 523 1974 em'm
548 1948 658 1974 autem
685 1942 877 1986 particulam
904 1942 951 1973 sic
974 1941 1005 1974 in
1032 1942 1294 1985 interrogatione
1317 1943 1395 1986 poni
1422 1954 1522 1985 posse
1548 1943 1600 1974 vix
1621 1948 1672 1974 est
1691 1953 1750 1974 eur
1767 1942 1923 1985 probem3

169 1991 211 2024 cf.
238 1997 345 2025 tamen
369 1993 450 2025 infra
479 2006 507 2026 c.
536 1995 595 2034 29,
623 1995 656 2027 3.
691 1993 779 2026 Dial.
806 1994 847 2034 V,
876 2006 905 2026 e.
933 1995 991 2034 27,
1020 1994 1053 2026 3.
1081 1994 1139 2034 VI,
1166 2006 1195 2026 e.
1223 1995 1281 2035 22,
1311 1996 1342 2026 1.
1370 1995 1466 2038 epist.
1493 1996 1551 2035 27,
1582 1996 1613 2026 1.
1642 1995 1701 2034 77,
1740 1994 1797 2026 16.
1825 1999 1858 2026 et
1880 1993 1922 2026 al.

166 2063 219 2069 —
237 2045 285 2076 Ιό.
304 2047 321 2085 §
344 2046 384 2077 11
408 2045 540 2089 (XXII,
562 2046 616 2090 3).
671 2045 793 2078 Addidi
812 2048 867 2085 sil,
886 2045 978 2089 quod
998 2046 1074 2088 quin
1095 2046 1256 2078 exciderit
1275 2045 1417 2078 dubitari
1444 2058 1508 2078 non
1528 2051 1657 2089 potest;
1683 2046 1843 2078 Erasmus
1861 2057 1923 2089 po-

167 2102 279 2129 suerat
297 2102 373 2140 post
390 2101 505 2137 omm'a,
524 2098 713 2139 Fickertus,
733 2097 894 2141 siquidem
913 2104 1067 2141 ponatur,
1083 2097 1187 2130 voluit
1205 2104 1282 2141 post
1299 2101 1405 2130 lenuis
1424 2099 1517 2142 poni;
1547 2097 1622 2129 mihi
1641 2102 1699 2129 aut
1717 2097 1802 2130 inter
1818 2100 1923 2130 victus

167 2154 201 2181 et
219 2152 251 2182 et
269 2155 325 2181 aut
343 2149 426 2182 inter
443 2153 541 2182 vestis
561 2156 595 2183 et
612 2154 644 2183 et
663 2149 826 2182 excidisse
845 2149 984 2182 ridetur.
1005 2168 1055 2175 —
1075 2146 1189 2184 CAP.
1211 2146 1356 2192 XXIII,
1376 2148 1411 2183 4.
1441 2150 1565 2193 Scripsi
1585 2151 1612 2182 Ι.
1632 2150 1769 2189 Caesar,
1787 2161 1865 2190 non,
1884 2154 1923 2182 ut

166 2201 279 2246 vulgo,
314 2202 349 2234 C.
376 2203 511 2242 Caesar,
545 2214 584 2234 ea
621 2214 738 2241 causa,
763 2213 849 2246 quae
876 2213 1073 2245 quamquam
1105 2213 1124 2233 a
1156 2201 1314 2234 Fickerto
1342 2207 1599 2234 commemorata
1624 2213 1690 2234 non
1718 2213 1794 2234 eum
1811 2207 1922 2234 tamen

167 2254 337 2296 permovit,
356 2259 393 2287 ut
411 2254 443 2287 in
460 2254 522 2287 hac
540 2266 577 2287 re
597 2255 755 2298 optimum
774 2253 850 2287 cod.
870 2255 909 2287 A.
929 2250 1323 2297 sequeretur.—-CAP.
1342 2250 1469 2296 XXV,
1490 2251 1511 2286 2
1534 2251 1607 2299 (3).
1626 2254 1769 2286 Frustra
1786 2252 1922 2285 fuerunt

169 2305 225 2348 qui
249 2306 339 2338 bilem
361 2307 435 2339 loco
454 2306 650 2340 movendam
674 2312 732 2339 aut
756 2318 830 2339 cum
854 2306 917 2339 alia
940 2317 977 2338 re
997 2306 1260 2339 commutandam
1277 2310 1450 2350 putarent;
1482 2307 1613 2338 Seneca
1632 2317 1697 2338 non
1724 2306 1921 2349 φλυκταίνας
