1981 2594
1023 149 1048 191 2

168 267 310 298 delatum
329 262 422 294 nobis
441 260 483 292 sit
503 259 579 291 dum
598 260 630 290 in
651 259 782 290 Seneca
800 257 975 288 haeremus
996 261 1030 287 et
1049 255 1174 286 emissis
1196 253 1266 296 jam
1291 255 1528 287 Teubneriana
1548 255 1694 287 editione
1715 255 1847 287 duobus
1865 267 1924 287 vo-

165 328 335 360 luminibus
354 324 486 356 tertium
505 334 579 354 cum
598 322 736 353 maxime
755 319 939 363 parandum
959 324 1020 357 est,
1042 318 1272 350 constituimus
1293 318 1405 350 oblata
1423 319 1485 350 hac
1505 319 1755 362 opportunitate
1774 330 1840 350 non
1859 319 1924 350 sin-

166 392 297 435 gulares
318 389 441 430 aliquot
465 393 497 417 et
515 384 736 427 jucundiores
758 385 909 416 Senecae
928 383 1022 414 locos
1045 381 1228 424 decerpere
1248 381 1309 413 sed
1329 381 1445 413 ordine
1465 394 1581 414 eorum
1601 383 1745 414 omnium
1764 383 1925 414 rationem

165 454 317 489 reddere,
336 452 366 482 in
387 450 505 492 quibus
525 454 639 480 nostra
657 448 711 479 illa
731 447 833 479 editio
855 458 872 477 a
892 446 1041 477 Fickerti
1061 446 1213 488 exemplo
1235 445 1414 488 discrepat,
1435 446 1605 488 explicatis
1624 446 1731 486 simul,
1765 446 1821 478 ubi
1841 457 1925 489 opus

167 529 238 549 esse
257 515 439 549 videbatur,
460 518 593 544 nostrae
613 511 798 544 sententiae
818 510 999 542 rationibus
1020 509 1209 552 additisque
1228 520 1465 552 nonnunquam
1483 509 1575 541 novis
1596 508 1808 552 conjecturis.

195 793 482 848 Dialogorum
514 791 588 831 lib.
620 790 653 830 l.
688 790 840 844 Quare
875 790 1025 844 aliqua
1056 789 1336 830 incommoda
1366 789 1498 830 bonis
1532 789 1641 830 viris
1675 788 1898 843 accidant,

786 872 884 899 cum
916 857 1202 912 providentia
1234 857 1305 898 sit.

267 976 379 1013 CAP.
400 975 428 1018 l,
450 975 483 1009 ¹2.
538 977 595 1009 Ex
614 977 771 1019 disposito
796 978 1024 1018 relucentium]
1055 976 1156 1013 Quod
1177 977 1217 1008 F.
1239 976 1369 1019 scripsit
1388 988 1429 1007 esc
1448 976 1641 1017 dispositore
1660 976 1844 1014 lucentium,
1870 987 1928 1007 ne—

168 1044 230 1074 que
250 1030 325 1061 satis
348 1029 483 1060 latinum
503 1027 633 1060 videtur
652 1040 761 1071 neque
781 1028 827 1060 rei
847 1029 1040 1071 propositae
1061 1033 1188 1071 aptum3
1210 1027 1356 1059 debebat
1374 1027 1459 1058 enim
1479 1033 1590 1058 certus
1611 1025 1694 1058 ordo
1715 1026 1777 1066 vel,
1796 1032 1833 1058 ut
1857 1027 1929 1070 ipse

168 1085 295 1115 Seneca
317 1086 391 1112 ante
412 1080 503 1119 dixit,
523 1085 680 1111 aeternae
700 1080 783 1123 legis
803 1080 973 1121 imperium
993 1079 1188 1122 significari;
1209 1078 1250 1111 cf.
1269 1079 1357 1110 Dial.
1379 1079 1437 1117 VI,
1465 1090 1494 1109 c.
1517 1079 1576 1118 26,
1606 1079 1639 1109 6.
1659 1090 1720 1110 uno
1739 1080 1824 1120 igne,
1842 1081 1930 1119 quic-

165 1134 243 1176 quid
269 1144 351 1164 nunc
374 1144 415 1163 ear
433 1131 590 1173 disposito
616 1132 710 1167 lucet,
738 1131 876 1162 ardebit.
895 1150 946 1154 —
965 1131 1006 1162 ib.
1026 1133 1044 1170 ᾗ·
1065 1131 1097 1161 6.
1113 1133 1218 1172 parat
1236 1129 1363 1172 scripsi,
1390 1141 1456 1161 non
1479 1132 1665 1171 praeparat
1675 1142 1688 1166 ,·
1713 1128 1794 1160 illud
1813 1134 1930 1161 aucto-

166 1185 260 1216 ritate
287 1182 410 1214 codicis
440 1182 553 1225 optimi
577 1184 615 1213 Λ.
642 1183 801 1221 firmatur,
833 1182 896 1213 hoc
916 1182 1050 1225 glossae
1076 1181 1220 1223 speciem
1240 1181 1351 1212 habet.
1388 1199 1440 1204 —
1476 1177 1591 1214 CAP.
1611 1177 1659 1220 ll,
1679 1178 1714 1213 6.
1737 1178 1810 1227 (4).
1839 1180 1930 1212 Lan-

165 1238 261 1278 guent
275 1246 334 1276 per
361 1234 513 1265 inertiam
530 1236 698 1275 saginata]
721 1233 881 1275 Suspicor
899 1232 1126 1264 scribendum:
1154 1233 1330 1274 Languent
1347 1243 1481 1273 corpora
1496 1243 1558 1273 per
1577 1234 1620 1263 in.
1649 1243 1714 1262 non
1734 1231 1819 1262 enim
1838 1236 1930 1263 recte

167 1287 257 1318 abest
277 1296 315 1317 ea
341 1285 411 1327 ipsa
430 1296 505 1324 vox,
526 1296 592 1327 qua
609 1283 641 1315 in
661 1283 869 1316 similitudine
888 1295 941 1315 res
963 1289 1151 1327 comparata
1171 1284 1388 1326 significatur.
1413 1282 1547 1314 Deinde
1566 1294 1626 1324 pro
1647 1286 1682 1314 at
1700 1282 1758 1314 vbi
1773 1283 1931 1325 scriptum

167 1337 286 1369 malim:
313 1339 348 1367 at
366 1338 429 1367 cni.
445 1354 496 1359 -——
510 1336 551 1367 ib.
567 1337 585 1376 ἓ
604 1337 660 1367 ll.
677 1337 749 1376 (S).
783 1336 857 1366 dum
887 1336 940 1366 ille
971 1338 1033 1376 vir]
1067 1335 1142 1366 dnm
1174 1335 1306 1377 scripsi,
1344 1345 1409 1365 non
1442 1346 1528 1373 cum,
1565 1334 1607 1365 ob
1641 1333 1852 1376 anaphoram.
1880 1352 1931 1358 —

168 1384 401 1428 CAP.IIl,3.
422 1392 499 1429 post
517 1387 597 1428 quid
615 1388 714 1429 ergo?
732 1387 921 1429 interpunxi
941 1398 958 1417 e
978 1397 1069 1418 more
1090 1386 1259 1423 Senecae;
1278 1385 1312 1416 id
1331 1386 1437 1427 ipsum
1456 1384 1567 1416 facere
1589 1384 1689 1416 debui
1708 1396 1736 1416 c.
1755 1386 1789 1424 6,
1811 1386 1830 1416 2
1853 1383 1928 1429 (l).

167 1440 244 1481 quid
261 1440 357 1480 ergo?
392 1440 525 1469 miraris
543 1456 594 1462 —-
613 1438 629 1469 ?
657 1437 717 1468 sed
743 1437 798 1468 illo
829 1437 962 1479 quidem
981 1437 1057 1468 loco
1085 1437 1277 1480 praestabat
1295 1436 1438 1467 fortasse
1456 1436 1646 1475 restituere,
1681 1435 1773 1478 quod
1792 1440 1868 1467 ante
1886 1435 1928 1467 F.

168 1490 334 1533 vulgatum
355 1495 443 1520 erat:
463 1489 542 1530 quid
560 1500 616 1531 ego
636 1491 732 1519 istum
751 1507 800 1511 -—-
820 1511 827 1526 ,
847 1493 921 1518 aut:
950 1488 1062 1525 Quid?
1089 1499 1146 1529 ego
1165 1482 1340 1527 2'st1tnz.⁶——
1360 1483 1475 1520 CAP.
1497 1484 1564 1521 IV,
1589 1484 1621 1518 l.
1650 1487 1815 1528 Prospera
1841 1488 1901 1518 re*
1915 1484 1929 1498 *

168 1541 223 1572 secl
241 1544 272 1572 in
286 1541 411 1582 plebem
430 1552 468 1571 ac
489 1541 565 1571 vilia
585 1541 721 1581 ingenia,
737 1539 920 1579 deveniunt]
943 1539 1150 1580 Quamquam
1175 1543 1308 1569 sanatus
1333 1537 1436 1569 videri
1455 1537 1507 1569 hic
1531 1538 1624 1569 locus
1644 1542 1776 1580 poterat
1802 1537 1929 1569 omissis

168 1592 300 1623 vocibus
327 1603 361 1622 re
379 1592 446 1625 sed.
473 1602 538 1633 ego
558 1596 667 1621 tamen
687 1589 886 1621 omittendas
913 1601 977 1621 non
1003 1589 1126 1632 putavi,
1163 1600 1238 1620 cum
1263 1589 1328 1620 sint
1353 1589 1385 1620 in
1405 1588 1480 1620 cod.
1501 1590 1539 1620 A.
1568 1589 1599 1619 in
1615 1599 1681 1630 quo
1698 1600 1766 1620 sec.
1786 1600 1830 1620 m.
1850 1588 1929 1620 scri-

169 1643 247 1685 psit:
267 1654 318 1673 res
342 1645 394 1680 et‚·
420 1642 534 1673 similia
559 1646 635 1673 sunt
659 1642 690 1672 in
716 1640 792 1672 cod.
813 1641 854 1672 Β.
875 1641 958 1672 etin
985 1640 1211 1672 vetustissimis
1237 1639 1314 1671 edd.
1343 1651 1446 1682 quare
1472 1639 1676 1671 verisimilius
1696 1645 1747 1671 est
1766 1639 1930 1671 excidisse

171 1694 308 1735 aliquam
327 1693 538 1729 sententiam:
561 1697 652 1724 certe
673 1697 749 1734 apte
769 1691 846 1722 addi
866 1697 1010 1734 poterat,
1030 1703 1116 1734 quae
1135 1691 1236 1734 vulgo
1257 1702 1419 1733 prospera
1438 1689 1639 1730 habeantur,
1673 1702 1738 1722 non
1758 1690 1880 1722 cadere
1899 1691 1930 1722 in

170 1744 254 1775 viros
277 1756 425 1787 magnos.
445 1763 495 1767 —
514 1744 554 1775 ib.
575 1746 592 1783 ἓ
614 1746 633 1774 Ξ.)
655 1743 727 1786 (l).
754 1746 804 1774 vir
823 1755 856 1773 es
875 1743 990 1785 scripsi
1010 1754 1049 1774 ex
1070 1741 1145 1774 cod.
1174 1743 1212 1773 A.
1233 1753 1293 1784 pro
1313 1754 1347 1773 es
1364 1744 1424 1773 vir.
1451 1761 1500 1765 -—
1523 1742 1564 1773 ib.
1590 1743 1608 1781 ἓ
1629 1742 1649 1773 3
1669 1742 1742 1784 (2).
1770 1742 1845 1773 Vox
1865 1753 1930 1772 una

172 1806 283 1836 parum
302 1802 392 1837 apta3
411 1806 473 1826 nec
491 1794 608 1826 melius
628 1799 690 1833 est,
711 1793 802 1836 quod
821 1794 893 1824 libri
912 1793 1044 1835 quidam
1064 1805 1159 1824 mmm
1179 1793 1319 1831 habent;
1347 1804 1412 1836 ego
1443 1791 1582 1834 conjicio
1603 1795 1796 1823 universam.
1817 1810 1865 1816 —
1884 1791 1929 1823 ib.

171 1846 299 1886 quidam
325 1848 391 1887 ipsi
414 1847 497 1877 ultro
520 1858 554 1877 se
579 1846 780 1877 cessantibus
806 1846 899 1876 naalz's
923 1845 1116 1884 obtulerunt]
1143 1845 1220 1877 Non
1241 1842 1324 1886 ejeci
1343 1855 1459 1875 vocem
1478 1846 1554 1885 ipsi,
1573 1854 1659 1886 quae
1679 1848 1730 1875 est
1747 1843 1779 1875 in
1798 1843 1930 1885 optimis

173 1896 259 1927 libris
283 1908 343 1927 nec
363 1896 463 1929 debet
481 1896 569 1928 illata
589 1908 607 1927 a
625 1896 764 1927 librariis
787 1895 890 1927 videri
916 1895 959 1927 ad
986 1895 1214 1938 explicandam
1233 1896 1295 1926 vim
1313 1895 1403 1926 vocis
1423 1896 1530 1932 ultro;
1562 1895 1600 1926 fit
1625 1894 1708 1926 enim
1733 1893 1823 1925 haud
1841 1904 1930 1933 raro,

174 1953 209 1978 ut
228 1946 342 1978 eadem
356 1948 445 1979 notio
465 1948 495 1979 in
517 1959 580 1979 una
599 1947 762 1979 sententia
780 1947 830 1978 bis
849 1952 992 1990 ponatur
1011 1946 1146 1978 diversis
1167 1945 1323 1978 orationis
1343 1946 1490 1988 partibus
1511 1956 1678 1988 expressa,
1697 1956 1836 1987 quarum
1856 1949 1930 1976 clim

174 1997 255 2028 aliae
274 1999 456 2040 pertineant
475 1998 517 2030 ad
536 1998 670 2040 aliquod
689 2009 821 2037 nomen,
841 1998 924 2030 aliae
943 1997 986 2029 ad
1004 1998 1151 2033 verbum,
1184 2009 1249 2029 non
1270 1997 1340 2028 sine
1359 1996 1522 2040 gravitate
1546 1996 1753 2039 significatur
1780 1994 1930 2037 ejusdem

173 2048 313 2080 notionis
338 2048 398 2080 vim
424 2050 512 2080 cerni
537 2049 630 2081 simul
657 2054 690 2081 et
715 2049 745 2080 in
761 2050 911 2092 personis
931 2049 982 2080 vel
1000 2049 1100 2081 rebus
1121 2054 1154 2080 et
1172 2049 1203 2080 in
1223 2059 1335 2080 earum
1352 2047 1542 2079 conditione
1557 2047 1608 2078 vel
1628 2052 1715 2078 actu.
1753 2047 1929 2088 Frequens

172 2099 236 2130 hoc
255 2104 305 2130 est
323 2100 476 2131 orationis
492 2101 649 2144 copiosae
663 2112 771 2144 genus
790 2106 824 2132 et
838 2100 1034 2143 multiplices
1052 2099 1174 2131 formas
1191 2099 1303 2139 habet,
1324 2111 1341 2130 e
1358 2099 1475 2141 quibus
1496 2103 1546 2130 est
1564 2097 1812 2141 simplicissima,
1832 2108 1930 2140 quam

173 2149 203 2180 h.
224 2150 245 2180 l.
265 2150 409 2189 restitui;
428 2151 631 2193 significatur
650 2157 760 2183 autem
779 2151 874 2183 simul
893 2151 1012 2183 adesse
1033 2157 1066 2183 et
1084 2151 1115 2182 in
1135 2151 1320 2182 hominibus
1340 2155 1524 2192 promptam
1543 2149 1746 2181 voluntatem
1774 2154 1808 2180 et
1825 2148 1857 2180 in
1876 2159 1929 2180 re-

174 2200 233 2231 bus
253 2201 372 2232 nullam
391 2202 631 2242 necessitatem,
653 2214 718 2245 qua
737 2202 780 2234 ad
798 2203 883 2234 mala
901 2202 1100 2245 perferenda
1119 2207 1295 2245 cogantur.
1314 2220 1366 2225 —
1384 2201 1425 2232 ib.
1446 2203 1464 2240 ἓ
1485 2202 1518 2232 4.
1538 2201 1703 2238 Gaudent,
1723 2201 1865 2242 inquam]
1884 2199 1930 2230 ita

175 2252 359 2283 necessario
379 2253 588 2285 scribendum
607 2253 686 2293 fuit;
720 2265 830 2296 neque
850 2254 935 2285 enim
954 2253 1131 2285 adversarii
1152 2251 1290 2295 alicujus
1310 2251 1474 2284 sententia
1499 2251 1645 2293 ponitur,
1678 2251 1709 2282 in
1734 2261 1800 2292 qua
1825 2252 1931 2291 inquit

176 2300 309 2333 solenne
329 2308 390 2343 est,
422 2303 482 2335 sed
501 2315 592 2336 suam
611 2305 712 2347 ipsius
733 2305 928 2337 sententiam
956 2306 1086 2337 Seneca
1112 2316 1186 2336 cum
1213 2304 1322 2346 aliqua
1348 2302 1601 2335 adseveratione
1628 2301 1761 2344 repetit,
1795 2306 1832 2333 ut
1857 2311 1930 2332 eam
