1981 2594
512 492 833 546 REGTOR
868 490 978 544 ΕΤ
1015 490 1392 544 SENATVS

640 610 678 656 S.
708 609 749 656 P.
779 610 823 656 I).
850 608 1264 656 COMMILITONIBVS.

64 863 174 930 Quas
195 884 286 915 vobis
306 884 437 916 scholas
459 884 641 923 offerimus,
663 883 903 915 commilitones
922 883 1158 922 humanissimi,
1178 882 1210 913 in
1231 881 1318 913 omni
1338 881 1519 912 litterarum
1535 893 1660 924 genere
1679 882 1835 924 plurimas

63 954 97 980 et
115 948 313 987 utilissimas,
338 948 375 979 iis
396 959 462 980 non
483 947 671 979 dubitamus
693 948 770 990 quin
792 947 982 991 diligenter,
1002 952 1040 979 ut
1059 947 1186 986 soletis,
1207 951 1241 978 et
1260 945 1394 977 assidue
1413 946 1504 977 usuri
1522 946 1611 984 sitis3
1630 945 1712 977 illud
1731 946 1835 989 magis

64 1012 259 1044 cohortandi
279 1012 370 1052 estis,
390 1017 428 1044 ut
446 1012 517 1055 ipsa
538 1011 709 1055 diligentia
728 1017 821 1044 recte
841 1012 988 1051 utamini,
1017 1010 1059 1043 de
1079 1022 1145 1053 qua
1163 1021 1200 1042 re
1220 1010 1362 1053 accipite
1386 1009 1573 1052 praeclaras
1594 1008 1754 1052 quasdam
1774 1010 1835 1042 Se-

61 1087 165 1108 necae
184 1076 376 1108 sententias.
431 1078 518 1108 Ante
536 1078 643 1107 omnia
670 1088 799 1108 necesse
818 1079 868 1107 est
885 1088 919 1107 se
940 1079 1045 1118 ipsum
1065 1078 1240 1107 aestimare
1269 1077 1301 1106 et
1325 1086 1360 1106 eo
1380 1074 1613 1113 inclinandum,
1648 1085 1708 1115 quo
1733 1076 1765 1105 te
1788 1076 1837 1105 vis

61 1143 188 1183 ingenii
201 1140 318 1181 seret;
354 1141 437 1172 male
475 1143 559 1172 enim
591 1140 788 1182 respondent
822 1142 936 1172 coacta
970 1142 1101 1182 ingenia
1111 1152 1126 1177 ,·
1156 1140 1339 1171 reluctante
1365 1141 1487 1169 natura
1519 1140 1634 1169 irritus
1661 1138 1751 1169 labor
1777 1141 1835 1169 est.

60 1207 185 1247 Aptari
200 1216 279 1236 onus
297 1204 421 1236 viribus
440 1204 533 1235 debet
551 1216 609 1235 nec
622 1205 700 1245 plus
719 1207 885 1246 occupari,
910 1215 1006 1246 quam
1024 1206 1082 1235 cui
1097 1202 1255 1246 sufficere
1270 1204 1443 1244 possimus.
1480 1201 1622 1239 Quidam
1638 1204 1782 1240 veniunt,
1801 1205 1837 1233 ut

61 1269 211 1308 audiant,
229 1280 290 1300 non
310 1271 346 1300 ut
364 1268 518 1306 discant‚·
537 1269 645 1310 aliqui
660 1271 692 1299 et
711 1279 780 1300 cum
793 1268 1016 1311 pugillaribus
1033 1270 1179 1307 veniunt,
1197 1279 1259 1299 non
1279 1269 1314 1298 nt
1333 1278 1385 1298 res
1404 1267 1584 1307 excipiant,
1603 1264 1662 1296 sed
1679 1268 1716 1296 ut
1728 1265 1836 1305 verba,

60 1344 142 1375 quae
168 1335 234 1364 tam
260 1335 331 1364 sine
345 1330 500 1374 profectu
520 1333 626 1363 alieno
645 1332 770 1371 dicant,
803 1343 899 1374 quam
924 1334 994 1363 sine
1021 1343 1078 1363 suo
1106 1331 1255 1363 audiunt.
1310 1330 1376 1362 Sed
1401 1330 1485 1372 quod
1509 1332 1542 1361 in
1570 1332 1714 1371 corporis
1732 1332 1840 1361 nostri
1873 1364 1883 1373 α

61 1397 223 1428 alimentis
241 1397 385 1428 ridemus
402 1398 474 1427 sine
493 1397 559 1427 ulla
578 1407 677 1438 opera
697 1399 809 1427 nostra
820 1395 941 1437 facere
960 1399 1125 1434 naturam,
1154 1395 1239 1427 idem
1259 1397 1292 1426 in
1310 1395 1374 1433 less,
1400 1394 1515 1436 quibus
1537 1394 1670 1425 aluntur
1690 1396 1836 1436 ingenia,

55 1464 270 1502 praestemus,
290 1463 325 1492 ut
344 1471 552 1502 quaecunque
571 1460 749 1503 hausinws,
769 1471 830 1491 non
845 1462 1017 1502 patiamur
1042 1462 1173 1501 integra
1191 1447 1272 1498 esse,
1304 1470 1344 1490 ne
1363 1459 1471 1489 aliena
1491 1460 1573 1489 sint:
1604 1468 1836 1499 concoquamus

60 1526 138 1556 illa:
157 1526 300 1566 alioquin
320 1527 353 1555 in
373 1525 556 1555 memoriam
577 1523 679 1559 ibunt,
698 1535 760 1555 non
780 1526 813 1555 in
833 1525 1009 1566 ingenium.
1063 1523 1153 1554 Illud
1166 1525 1347 1564 praecipue
1367 1522 1519 1563 impedit,
1546 1522 1632 1564 quod
1656 1524 1719 1553 cito
1745 1521 1836 1553 nobis

54 1590 222 1630 placemus
232 1601 246 1626 ‚·
277 1588 335 1620 secl
358 1588 444 1619 nihil
467 1587 598 1618 honeste
621 1587 684 1629 fit,
718 1589 787 1619 nisi
803 1590 961 1619 euitatus
980 1589 1109 1619 animus
1128 1586 1275 1618 incubuit
1293 1589 1390 1627 atque
1409 1584 1535 1626 adsuit,
1562 1588 1618 1616 cui
1633 1586 1723 1616 nulla
1736 1588 1837 1627 parte

60 1655 115 1684 sui
131 1655 335 1695 repugnavit.
390 1651 437 1683 Ut
455 1651 486 1682 in
508 1651 595 1682 omni
613 1651 679 1683 vita
698 1650 860 1695 fugienda
881 1656 932 1683 est
951 1652 1067 1683 levitas
1085 1661 1212 1692 semper
1231 1651 1339 1691 aliquo
1359 1650 1577 1688 transsiliens,
1602 1648 1649 1680 sic
1667 1649 1700 1680 in
1718 1648 1835 1680 studiis

62 1716 160 1748 etiam
181 1717 242 1753 illi,
260 1718 318 1757 qui
335 1727 376 1747 eat
395 1716 472 1746 aliis
486 1717 668 1757 propositis
688 1718 721 1746 in
741 1716 809 1747 alia
830 1716 1042 1747 transsiliunt
1060 1717 1119 1746 aut
1137 1726 1177 1746 ne
1196 1714 1406 1746 transsiliunt
1425 1713 1563 1754 quidem,
1589 1712 1647 1744 sed
1664 1723 1743 1744 casu
1761 1724 1836 1754 quo-

60 1780 134 1812 dam
154 1782 433 1818 transmittuntur,
468 1779 619 1820 quomodo
639 1779 758 1810 habere
776 1782 948 1821 quicquam
972 1781 1095 1811 certum
1113 1789 1338 1810 mansurumve
1352 1779 1491 1819 possunt
1513 1779 1667 1818 suspensi
1687 1779 1719 1808 et
1736 1777 1836 1822 vagi?

57 1856 188 1886 operose
213 1844 300 1875 nihil
323 1846 435 1885 agunt,
468 1843 544 1884 quia
569 1846 675 1875 omnia
696 1843 855 1874 hauriunt
873 1846 980 1875 animo
993 1841 1169 1885 perforato
1194 1845 1226 1874 et
1245 1828 1486 1873 transmittente
1512 1840 1669 1882 quicquid
1686 1842 1836 1882 accepit,-

57 1920 116 1940 πρε
143 1911 270 1950 passim
297 1907 462 1948 carpenda
494 1910 570 1938 sunt
601 1919 659 1939 nec
686 1907 782 1939 avide
808 1907 993 1939 invadenda
1018 1909 1192 1938 universa:
1218 1917 1282 1948 per
1303 1908 1418 1947 partes
1438 1906 1631 1946 pervenitur
1655 1904 1701 1935 ad
1724 1906 1836 1937 totum.

60 1973 176 2004 Lectio
195 1974 361 2003 auctorum
381 1972 551 2002 multorum
570 1973 602 2002 et
623 1973 726 2002 omnis
743 1973 872 2014 generis
890 1972 1082 2003 voluminum
1102 1970 1201 2002 habet
1219 1969 1347 2011 aliquid
1363 1979 1478 2011 vagum
1493 1971 1525 1999 et
1544 1967 1715 1999 instabile:
1736 1971 1836 2000 certis

59 2037 201 2078 ingeniis
221 2037 388 2067 immorari
404 2037 436 2066 et
455 2037 618 2066 innutriri
633 2037 770 2077 oportet,
788 2037 821 2066 si
835 2036 914 2066 velis
933 2035 1063 2077 aliquid
1081 2035 1224 2073 trahere,
1257 2033 1341 2075 qnod
1360 2035 1392 2063 in
1419 2034 1525 2063 animo
1543 2031 1695 2074 fideliter
1712 2032 1834 2064 sedeat.

59 2099 281 2132 Fastidientis
299 2099 460 2130 stomachi
477 2101 525 2130 est
540 2099 641 2131 mulla
656 2099 843 2142 degustare,
863 2110 945 2141 quae
964 2099 1023 2131 ube·
1033 2101 1129 2131 varia
1147 2100 1225 2130 sunt
1242 2099 1273 2129 et
1288 2096 1429 2136 diversa,
1449 2097 1633 2138 inquinant,
1651 2107 1713 2128 non
1732 2096 1833 2128 alunt.

59 2163 229 2205 Nusquam
248 2165 307 2201 est,
325 2165 382 2204 qui
398 2163 514 2204 ubique
533 2165 591 2194 est.

166 2226 235 2258 Sed
264 2225 355 2268 quod
381 2227 473 2258 vobis
493 2226 685 2266 suademus,
719 2226 753 2258 id
772 2227 866 2259 nobis
895 2238 1031 2270 quoque
1050 2225 1239 2258 faciendum
1267 2236 1340 2256 esse
1360 2224 1465 2256 visum
1485 2228 1548 2264 est,
1581 2229 1619 2255 ut
1638 2234 1703 2254 non
1723 2223 1833 2255 subito

57 2290 174 2322 relicta
191 2301 277 2332 quae
296 2291 327 2321 in
343 2290 491 2322 manibus
512 2297 585 2323 erat
604 2291 740 2323 materia
759 2291 791 2323 in
811 2292 906 2324 aliam
925 2291 1196 2329 transsiliremu53
1218 2300 1293 2321 cum
1312 2289 1397 2320 enim
1415 2286 1587 2331 praefandi
1605 2287 1669 2318 hoc
1688 2286 1834 2320 officium

1458 2341 1473 2370 1
