1981 2594
892 125 942 168 13

38 238 70 270 in
90 242 198 270 mente
217 236 341 277 habuit,
379 246 459 278 quas
489 235 569 267 dixit
586 234 658 267 Ael.
679 235 718 266 V.
738 235 784 266 H.
805 234 867 275 lX,
896 235 955 266 24.
976 233 1036 266 sed
1057 234 1187 265 omnino
1213 234 1453 278 fatigationem,
1479 247 1543 279 qua
1563 235 1658 269 bilem
1677 239 1802 270 moveri

40 289 121 322 dixit
139 289 221 321 infra
238 288 325 321 Dial.
346 287 386 328 V,
408 298 436 319 c.
459 288 492 325 9,
513 289 547 319 4.
569 306 616 310 —
638 287 684 319 lb.
705 288 722 327 g
744 287 776 318 3.
807 287 908 318 mollis
929 289 1063 328 patitur
1092 293 1143 318 est
1170 286 1201 317 in
1228 286 1303 318 cod.
1324 288 1362 320 A.
1385 294 1418 320 et
1439 288 1511 320 Col.
1532 300 1594 321 nec
1620 295 1671 321 est
1690 301 1749 322 cur
1767 290 1801 323 id

37 341 252 385 repudietur3
271 339 372 383 vulgo
390 344 502 371 tamen
520 338 644 383 legitur
662 339 768 370 molles
793 340 949 380 patimur.
975 357 1025 362 -—
1053 334 1168 372 CAP.
1189 334 1340 377 XXVI.
1361 337 1396 371 5.
1424 340 1479 372 De
1499 340 1592 384 equis
1612 341 1800 385 obsequen-

37 394 125 426 tibus
146 392 286 425 dubitari
304 402 370 423 non
389 391 508 431 debet3
530 390 666 423 eosdem
686 389 813 427 reduxi,
833 389 922 422 unde
943 388 1041 432 ejecti
1061 396 1165 430 erant,
1195 389 1236 422 de
1256 390 1387 423 Beneff.
1409 392 1448 429 V,
1470 404 1498 424 c.
1521 394 1580 433 25,
1602 395 1635 426 4.
1656 393 1717 426 sed
1735 405 1799 427 vox

37 448 142 488 equiti
157 446 208 476 vix
228 444 342 476 dubito
363 444 440 486 quin
460 443 500 475 ab
520 443 706 486 interpretis
726 454 823 474 manu
844 442 895 474 sit.
933 461 983 466 —
1021 438 1135 476 CAP.
1158 438 1322 477 XXVII.
1342 441 1377 475 4.
1407 447 1476 486 φεῖ
1497 446 1587 476 noba's
1612 445 1732 487 dicere]
1753 446 1799 479 sic

37 496 223 540 transposui
242 507 341 528 voces
360 495 419 527 has
439 507 478 527 ex
499 494 574 527 cod.
595 496 633 526 A.
654 499 754 537 atque
774 494 807 526 id
826 494 970 526 voluisse
990 495 1085 526 etiam
1105 494 1146 526 F.
1166 494 1314 533 videtum
1334 495 1453 539 vulgo:
1480 499 1548 538 ipsi
1569 497 1679 529 dicere
1697 498 1796 530 nobis.

35 568 87 573 -—
107 545 221 584 CAP.
241 544 425 587 XXVIIl,
445 545 476 579 Ι.
498 546 661 590 (XXVII,
682 545 736 590 5.)
766 547 894 579 Vereor
913 546 1148 578 ne'subditicia
1169 547 1210 578 sit
1230 558 1292 578 vox
1313 550 1462 588 tempore.
1485 555 1522 580 ut
1540 549 1707 592 legamus:
1727 562 1798 582 cnm

33 603 93 634 illo
111 604 181 644 ipso
195 611 375 643 peccemus,
394 599 478 642 quod
495 599 664 630 adicimus.
691 617 739 622 —
766 599 814 630 Ib.
834 601 851 639 ᾗ
873 599 893 630 3
916 598 984 642 (2).
1015 599 1138 631 Verum
1159 604 1220 637 est,
1242 599 1333 641 quod
1352 600 1512 643 praebent
1532 601 1648 634 codd.:
1683 602 1797 634 creda-

38 665 107 686 mus
126 652 381 698 objurganlt‘bus,
400 663 465 683 non
486 649 577 693 quod
595 650 755 682 Erasmus
775 650 897 682 invexit
916 651 1066 682 cedamus
1076 664 1089 689 ‚·
1107 650 1194 682 idem
1214 651 1343 683 restitui
1362 651 1443 683 infra
1463 652 1550 685 Dial.
1567 654 1608 690 V.
1630 665 1658 685 c.
1681 655 1739 693 24,
1760 655 1793 686 4.

35 723 85 730 —-
110 706 158 737 16.
187 705 206 744 ὃ
228 705 260 736 5.
290 704 370 735 alios
390 715 452 744 pro
478 703 569 734 nohis
587 701 719 743 facere]
749 703 805 734 Sic
838 704 1026 734 necessario
1053 702 1278 741 scribendum
1312 715 1384 735 nam
1405 710 1555 736 tenentes
1583 704 1674 747 quod
1695 705 1795 739 estin

36 756 136 806 coddt.
164 755 324 799 plurimis:
357 756 439 786 alios
459 766 578 796 pronos
596 754 726 795 jacere,
752 760 808 786 aut
836 755 862 786 si
888 760 981 786 recte
996 767 1115 797 pronos
1135 755 1432 798 interpretabimur.
1452 757 1711 800 repugnabimus
1732 758 1794 789 Se-

34 820 139 841 necae
159 807 307 847 consilio,
328 812 385 838 aut
403 807 430 839 si
449 806 523 839 huic
542 806 847 849 interpretationem
863 807 1197 843 accommodabimus,
1218 807 1298 839 salsa
1318 807 1370 839 illa
1391 809 1461 845 erit,
1482 809 1567 840 sicut
1584 809 1792 852 Ruhkopfius

37 860 116 892 dixit
134 871 257 904 pronos
277 871 351 891 esse
370 858 533 898 incautos,
554 859 678 901 impetu
697 858 807 901 aliquo
828 859 997 902 abreptos.
1025 871 1090 891 non
1112 859 1247 891 consisto
1269 866 1360 891 certo
1383 860 1512 895 ductos,
1546 861 1579 892 id
1607 861 1698 904 quod
1722 862 1792 905 ipse

35 913 163 944 cautior
181 911 338 955 exemplis
359 912 552 943 confirmare
571 922 636 942 non
652 916 791 942 conatus
812 916 872 942 est.
904 911 1060 943 Ceterum
1080 912 1165 943 inter
1186 911 1330 943 diversas
1350 911 1538 954 injuriarum
1559 913 1791 946 excusationes

32 964 88 996 illa
114 964 218 996 omitti
237 975 301 995 non
321 968 464 1006 poterat,
493 962 583 1006 quod
603 962 780 1005 aliquando
807 968 921 994 contra
948 975 1008 995 nos
1032 962 1120 995 facta
1140 964 1322 1006 opinamur,
1355 976 1438 1006 quae
1459 965 1530 1007 quis
1550 977 1609 1008 pro
1630 965 1724 997 nobis
1743 965 1788 998 fa-

35 1027 112 1048 cere
137 1016 198 1048 sibi
220 1016 308 1048 visus
337 1020 398 1047 est.
435 1035 484 1039 —
522 1011 636 1049 CAP.
656 1011 804 1049 XXIX.
826 1012 860 1047 ’2.
889 1017 1056 1057 Sus-picam
1076 1016 1244 1058 quomodo
1266 1016 1327 1047 hoc
1348 1016 1422 1047 loco
1443 1017 1615 1048 memorari
1634 1017 1790 1060 potuerit,

33 1080 130 1100 nemo
165 1067 266 1100 credo
291 1067 466 1111 intelliget,
495 1079 604 1110 eoque
636 1067 733 1099 etiam
759 1067 876 1107 minuS,
911 1068 937 1099 si
964 1067 1145 1111 Ruhkoplii
1166 1067 1391 1100 defensionem
1417 1069 1554 1112 legerit:
1589 1069 1653 1100 dici
1679 1074 1791 1112 potest

33 1121 186 1164 suspicax
206 1125 263 1152 aut
280 1120 319 1159 is,
340 1119 395 1162 qui
412 1119 588 1151 difficulter
606 1118 704 1151 fidem
725 1119 859 1150 adhibet
877 1119 976 1151 rebus
996 1121 1146 1160 narratis,
1168 1120 1272 1163 qualis
1293 1120 1412 1152 deinde
1432 1121 1450 1160 ᾖ
1469 1122 1487 1152 3
1510 1121 1717 1159 describitur‚
1734 1126 1791 1153 aut

32 1172 59 1204 is
80 1172 135 1215 qui
153 1171 241 1204 falsis
261 1171 501 1215 suspicionibus
522 1171 642 1203 ductus
661 1171 743 1203 falsa
762 1172 950 1209 renunciat:
970 1172 996 1203 is
1017 1178 1127 1204 autem
1148 1179 1198 1204 est
1216 1172 1302 1204 idem
1323 1173 1387 1212 ille,
1420 1173 1473 1215 qui
1494 1173 1592 1215 paulo
1613 1179 1689 1205 ante
1710 1173 1790 1205 dici-

31 1229 87 1256 tur
103 1224 232 1256 mentiri
253 1223 433 1266 deceptus;
453 1223 505 1255 hic
524 1235 588 1255 non
608 1229 741 1266 poterat
760 1223 840 1255 alius
860 1224 1018 1266 appellari
1036 1224 1096 1256 nisi
1122 1224 1282 1256 subdolus
1310 1225 1424 1268 aliquis
1452 1225 1629 1256 alienarum
1654 1225 1788 1257 inimici-

31 1276 150 1308 tiarum
168 1275 387 1315 machinator;
408 1287 509 1318 quare
528 1287 644 1307 rocem
663 1276 972 1318 importunissimam
990 1282 1100 1308 statuo
1122 1288 1139 1308 e
1159 1277 1307 1320 margine
1330 1277 1498 1320 irrepsisse
1517 1277 1630 1319 idque,
1654 1282 1690 1309 ut
1715 1289 1789 1309 sae-

33 1327 108 1371 pius
133 1327 268 1368 factum,
298 1327 374 1359 loco
400 1327 526 1366 alieno;
560 1339 625 1370 qua
644 1326 752 1370 ejecta
771 1327 845 1359 nihil
873 1327 1054 1360 desideres.
1074 1348 1125 1352 —
1144 1330 1191 1361 Jb.
1213 1331 1230 1370 ᾖ
1252 1330 1285 1361 53.
1315 1330 1390 1362 Non
1412 1328 1525 1361 debuit
1551 1329 1718 1372 anaphora
1736 1329 1788 1361 rel

33 1380 164 1423 epibole
183 1381 291 1424 figura
309 1378 403 1422 perdi
421 1380 529 1423 posito
549 1379 776 1423 interrogandi
794 1380 891 1423 signo
911 1386 988 1422 post
1007 1383 1184 1423 interroges
1196 1395 1208 1419 ,·
1242 1393 1307 1424 ego
1334 1381 1429 1424 posui
1456 1386 1532 1424 post
1550 1381 1590 1412 de
1604 1384 1789 1423 praesenti-

31 1432 111 1470 bus,·
129 1443 194 1475 qua
208 1431 376 1463 locutione
392 1443 432 1463 ea
447 1432 553 1463 onmia
569 1431 904 1474 comprehenduntur,
925 1444 1010 1475 quae
1031 1432 1151 1465 deinde
1171 1433 1356 1477 singulatim
1374 1438 1607 1465 enumerantur
1626 1439 1677 1465 ter
1691 1445 1788 1476 repe-

31 1484 92 1516 tita
111 1495 193 1516 voce
212 1486 393 1526 antequam.
413 1503 460 1507 -—
482 1480 596 1518 CAP.
617 1480 764 1521 XXXI,
785 1482 807 1516 ss
829 1482 902 1528 (5).
931 1485 1074 1527 Adspice
1100 1488 1265 1517 laurarum
1287 1486 1367 1529 jugo
1395 1487 1474 1517 colla
1500 1486 1658 1517 submissa
1678 1489 1710 1517 et
1728 1487 1788 1517 ele-

25 1536 225 1578 phantorum
243 1538 358 1578 pueris
377 1538 508 1578 pariter
534 1548 573 1568 ac
589 1534 731 1576 feminis
746 1537 1004 1578 persultantibus
1028 1540 1120 1579 terga
1146 1540 1266 1580 inpune
1291 1539 1430 1578 calcata]
1458 1537 1513 1569 Sic
1544 1549 1561 1568 e
1596 1535 1789 1579 conjectura

32 1588 148 1631 scripsi
168 1587 269 1631 jussis
292 1587 395 1620 tauris
421 1592 454 1619 et
477 1588 658 1631 elephantis
687 1587 779 1620 locos
799 1589 884 1620 inter
902 1600 938 1620 se
957 1595 1163 1632 permutare3
1185 1590 1257 1633 quis
1277 1590 1360 1621 enim
1381 1601 1523 1632 unquam
1544 1589 1701 1621 inaudivit
1720 1589 1787 1621 ele-

30 1639 170 1683 phantos
185 1639 270 1684 juga
287 1639 399 1672 ferre?
418 1640 490 1682 quis
510 1651 575 1672 non
594 1639 749 1680 meminit,
771 1640 923 1683 quotiens
943 1640 1029 1672 idem
1050 1641 1091 1673 de
1110 1643 1212 1674 tauris
1232 1645 1454 1673 memoretur?
1488 1647 1588 1684 atque
1614 1641 1648 1673 id
1667 1641 1788 1673 eodem

33 1692 129 1723 etiam
156 1693 255 1724 verbo
281 1703 361 1723 usus
386 1691 465 1724 facit
489 1698 607 1724 auctor
632 1693 825 1736 panegyrici
850 1704 902 1735 ap.
924 1693 1047 1725 Tibull.
1068 1694 1133 1734 IV,
1157 1696 1189 1734 1,
1221 1696 1302 1725 170.
1323 1695 1399 1725 lu'nc
1418 1696 1449 1725 et
1467 1695 1547 1725 colla
1568 1694 1649 1737 jugo
1668 1694 1789 1726 didicit

30 1743 217 1776 submittere
244 1746 381 1781 taurus;
409 1743 450 1775 cf.
476 1744 582 1788 ipsum
600 1744 768 1776 Tibullum
787 1744 814 1784 I,
845 1746 902 1782 10,
927 1746 986 1776 46.
1009 1746 1043 1785 3,
1071 1747 1130 1778 41.
1150 1746 1195 1785 II,
1225 1748 1256 1782 1,
1285 1747 1344 1777 41.
1367 1745 1463 1777 ovid.
1491 1746 1624 1777 Metam.
1645 1745 1672 1782 I,
1702 1746 1784 1778 124.

32 1795 119 1827 adde
139 1795 209 1828 Cic.
231 1795 272 1827 de
290 1796 334 1828 N.
355 1795 399 1828 D.
420 1795 464 1835 II,
484 1808 512 1828 c.
535 1797 593 1829 63.
615 1802 648 1828 et
668 1795 709 1828 de
729 1796 868 1828 Graecis
886 1797 1006 1829 Aesch.
1025 1797 1138 1829 Prom.
1160 1800 1245 1830 454.
1267 1798 1370 1841 Soph.
1391 1798 1501 1841 Antig.
1524 1798 1608 1829 351.
1654 1796 1786 1830 Deinde

30 1852 127 1892 terga
144 1852 315 1880 taurorum
335 1847 502 1891 quomodo
523 1848 642 1880 calcari
661 1860 679 1880 a
699 1848 956 1892 persultantibus
975 1854 1136 1892 possunt?
1155 1862 1192 1882 ac
1214 1850 1239 1882 si
1259 1855 1410 1893 possunt,
1431 1856 1521 1881 certe
1539 1861 1605 1881 non
1626 1849 1667 1881 de
1685 1849 1786 1892 pluri-

31 1899 93 1931 bus
112 1899 207 1932 simul
225 1900 335 1943 pueris
356 1911 394 1931 ac
412 1899 539 1932 feminis
559 1900 732 1944 cogitabis,
758 1901 876 1944 quibus
903 1900 1154 1944 elephantorum
1181 1908 1277 1946 terga
1301 1901 1599 1933 commodissimum
1625 1901 1787 1944 praebent

31 1951 182 1995 spatium,
210 1963 249 1983 ac
273 1951 444 1984 verisimile
471 1958 522 1985 est
547 1953 739 1996 spectaculo
763 1952 865 1985 fuisse
891 1953 1084 1996 elephantos
1109 1966 1174 1986 non
1201 1954 1307 1986 solum
1333 1959 1440 1986 turres
1460 1953 1643 1985 hominibus
1670 1953 1785 1996 plenas

31 2008 203 2047 gestantes
233 2009 266 2036 et
295 2003 504 2036 funambulos
531 2010 565 2036 et
590 2004 746 2037 saltantes
773 2005 874 2048 ipsos,
908 2005 968 2038 sed
995 2007 1093 2038 etiam
1117 2007 1172 2049 qui
1202 2005 1388 2038 saltantium
1423 2006 1542 2037 choros
1576 2005 1710 2037 ferrent.
1734 2024 1786 2030 -—

32 2051 146 2090 CAP.
165 2051 330 2097 XXXU,
353 2055 366 2088 l
393 2054 467 2100 (2).
496 2057 642 2088 Restitui
660 2057 855 2101 scripturam
879 2058 1021 2089 omnium
1046 2058 1203 2091 librorum
1228 2070 1316 2095 mss..
1343 2057 1402 2090 nisi
1429 2057 1519 2101 quod
1538 2069 1638 2089 voces
1657 2058 1737 2090 ultio
1755 2060 1786 2089 et

31 2112 69 2139 ut
87 2119 106 2139 e
120 2107 322 2151 glossemate
337 2113 426 2141 ortas
446 2108 538 2140 uncis
556 2108 689 2149 inclu513
708 2121 774 2142 non
794 2110 878 2142 enim
897 2109 1017 2154 fugere
1032 2122 1229 2153 quemquam
1245 2115 1357 2154 potest
1372 2115 1404 2142 et
1420 2110 1461 2141 de
1478 2121 1542 2142 uno
1557 2109 1667 2152 aliquo
1683 2109 1784 2141 verbo

32 2159 87 2204 agi
106 2165 140 2191 et
159 2159 201 2191 de
219 2159 330 2199 verbo,
365 2160 456 2204 quod
479 2161 618 2193 haberet
637 2167 763 2194 certum
782 2162 945 2205 quendam
965 2162 995 2194 in
1010 2160 1087 2205 jure
1106 2174 1219 2202 usum;
1254 2173 1356 2205 quare
1384 2163 1462 2194 salio
1481 2162 1647 2204 aptissime
1667 2161 1787 2193 dicitur

32 2217 67 2243 et
83 2211 296 2244 vehementer
312 2211 434 2245 fallitur
450 2213 639 2254 Fickertus,
664 2214 719 2257 qui
737 2219 870 2257 praeter
887 2226 1012 2247 morem
1031 2227 1126 2247 suum
1153 2212 1379 2257 conjecturam
1404 2219 1539 2246 secutus
1566 2213 1729 2246 damnavit
1751 2211 1786 2245 id

32 2274 152 2296 nomen
171 2262 311 2307 ejusque
330 2264 405 2296 loco
424 2266 575 2309 reposuit
589 2265 680 2309 quod
700 2271 734 2298 et
752 2278 851 2299 sensu
869 2271 1150 2310 supervacaneum
1171 2272 1204 2299 et
1219 2279 1281 2299 usu
1297 2278 1335 2298 ac
1351 2266 1570 2299 collocatione
1586 2266 1636 2297 vix
1650 2265 1787 2297 latinum

33 2321 101 2348 est:
127 2319 159 2348 et
176 2317 251 2356 alio,
270 2321 307 2348 ut
325 2318 488 2350 sententia
505 2317 588 2351 haec
606 2319 664 2350 sit:
684 2330 793 2362 neque
812 2318 874 2351 alia
892 2331 928 2352 re
943 2319 1004 2351 nisi
1023 2318 1138 2351 ordine
1157 2319 1290 2351 ultionis
1306 2319 1440 2351 verbum
1453 2319 1591 2351 multum
1611 2318 1650 2350 ab
1668 2316 1787 2360 injuria
