1981 2594
879 115 929 158 19

21 226 108 264 aliis;
141 237 212 258 cum
234 227 371 268 poteris,
397 224 489 268 quod
515 224 556 256 F.
583 224 722 268 recepit,
752 224 882 256 videtur
908 229 965 256 aut
990 224 1094 256 errori
1124 229 1181 257 aut
1216 225 1440 258 emendationi
1468 224 1539 269 ejus
1573 226 1699 269 deberi,
1733 230 1789 272 qui

11 278 203 322 eplaniorem
223 283 256 310 et
277 277 458 309 faciliorem
478 275 609 309 dicendi
628 277 789 309 rationem
811 282 844 308 et
863 276 1097 319 aequalitatem
1116 282 1302 320 temporum
1321 278 1559 311 restituendam
1579 285 1724 323 putaret.
1738 300 1790 305 —

9 326 137 364 :CAR
153 328 255 373 XLI,
274 327 308 362 ⁵2.
328 329 500 361 Lacunam
516 341 589 361 esse
605 334 681 361 ante
692 340 808 372 pacem
823 328 944 360 nollem
959 329 1136 361 Fickertus
1156 335 1333 374 negasset3
1353 342 1491 363 necesse
1512 331 1596 363 enim
1617 337 1667 364 est
1686 344 1789 377 expo-

11 383 119 418 ¹situm
140 381 240 414 fuerit
260 381 291 414 h.
308 381 329 413 l.
347 381 427 424 quid
442 380 631 413 faciendum
650 381 702 421 sit,
723 381 749 413 si
768 392 888 424 magna
908 382 1057 424 potentia
1076 381 1122 413 uti
1143 393 1209 414 non
1229 381 1338 422 liceat,
1360 383 1529 425 quomodo
1549 384 1596 416 ira
1615 384 1790 418 tractanda

10 434 73 475 psit,
89 446 174 478 quae
189 446 254 466 non
270 438 322 465 est
336 433 483 465 immanis
499 439 533 465 et
547 434 770 477 sanguinaria,
790 433 868 465 item
885 444 934 470 ea,
954 432 1048 476 cujus
1068 434 1191 476 primus
1212 436 1353 477 impetus
1368 433 1436 477 jam
1457 436 1642 478 p1·aeteriit;
1661 442 1695 469 et
1714 449 1790 469 cum

8 479 279 518 lconsentaneum
299 486 341 518 sit
359 485 514 529 paulatim
535 497 554 517 a
574 485 764 517 difficillimo
785 490 818 517 et
837 485 1123 517 vehementissimo
1144 498 1270 529 genere
1292 486 1334 518 ad
1353 486 1458 519 lenius
1478 489 1684 531 processisse
1713 500 1789 521 ora-

19 538 154 579 tionem,
175 538 289 570 ultimo
315 537 390 570 loco
412 543 521 570 actum
548 549 623 570 esse
649 542 787 581 apparet
807 536 849 569 de
869 538 975 569 animo
997 550 1050 578 en,
1078 538 1133 581 qui
1148 536 1216 580 jam
1236 537 1307 570 fere
1326 538 1368 570 ad
1388 551 1424 571 se
1444 539 1540 572 rediit
1560 546 1593 572 et
1613 552 1717 584 capax
1738 546 1790 574 est

21 588 92 633 ejus
118 590 220 634 pacis,
258 602 355 633 quam
381 589 573 622 salutarium
599 595 856 633 praeceptorum
883 590 1015 622 assidua
1039 590 1209 622 meditatio
1236 596 1270 623 et
1296 591 1524 634 philosophiae
1543 592 1688 625 studium
1708 592 1788 625 dare

18 642 140 686 possit3
161 654 199 674 ac
218 642 293 674 mihi
313 641 445 685 quidem
465 654 507 674 ne
526 642 692 674 sententia
711 641 845 685 quidem
864 642 918 674 illa
937 642 1035 685 plena
1054 642 1185 675 videtur
1204 655 1294 675 esse:
1312 655 1426 686 pacem
1445 644 1555 676 demus
1574 648 1692 686 animo,
1726 645 1788 677 sed

6 694 171 738 ¹suspicor
190 699 224 726 et
241 694 433 738 particulam
453 694 594 737 aliquam
614 693 728 733 fuisse,
753 694 842 726 unde
861 694 1025 738 penderet
1051 693 1280 738 conjunctivus
1305 696 1424 735 demus,
1455 702 1489 728 et
1513 696 1575 728 alIa
1598 702 1786 740 praeterea,

4 746 138 789 ‘quibus
158 746 238 790 quid
256 746 309 778 illa
327 758 391 790 pax
410 752 569 789 praestet,
604 758 690 790 quae
710 758 729 778 a
750 747 849 790 vulgo
870 747 1036 779 hominum
1054 759 1114 791 pro
1142 748 1284 791 segnitie
1310 748 1421 780 haberi
1441 749 1563 791 possit,
1600 750 1788 792 expositum

19 798 71 832 sit.
104 818 155 823 —
186 795 296 833 CAP.
317 797 458 841 XLIII,
485 797 514 831 l.
534 811 616 841 quae
634 810 688 831 ros
701 798 943 841 paressacz'al]
963 799 1015 832 Ita
1035 812 1074 831 ex
1095 799 1172 832 cod.
1193 801 1219 832 A
1240 800 1450 833 scribendum
1470 800 1542 841 suit,
1570 813 1636 833 non
1655 813 1724 841 nos,
1752 806 1788 833 ut

17 850 140 895 vulgo3
159 850 354 895 intelligitur
370 850 455 883 enim
473 851 512 891 is,
533 851 575 883 ad
593 863 690 894 quem
710 851 819 884 adhuc
840 852 944 883 oratio
962 863 1122 885 conversa
1143 858 1204 892 est,
1233 858 1267 884 et
1285 852 1305 884 ii
1334 852 1383 885 vel
1403 853 1593 896 superiores
1613 853 1664 885 vel
1683 853 1788 885 humi-

2 902 129 949 stiores,
150 915 223 936 cum
239 903 357 947 quihus
376 903 430 935 ille
445 903 627 936 inimicitias
649 911 799 944 exercet;
819 903 879 936 hos
895 915 982 936 mors
996 917 1093 948 pares
1113 904 1203 945 facit,
1223 904 1341 937 horum
1361 905 1607 937 contentionem
1622 906 1787 946 terminat,

0 951 49 995 §in
69 966 133 998 qua
154 956 305 988 Senecae
324 955 434 988 nullae
452 960 564 999 partes
583 961 671 988 sunt.

0 1042 5 1053 J
123 1007 194 1040 Sed
211 1008 294 1040 haec
312 1008 492 1049 hactenu53
512 1020 598 1051 quae
619 1008 768 1051 cupimus
789 1014 826 1039 ut
845 1013 879 1039 et
900 1007 941 1039 ad
962 1008 1108 1052 legenda
1128 1014 1161 1041 et
1180 1008 1223 1041 ad
1243 1009 1448 1042 emendanda
1474 1009 1613 1054 egregia
1634 1010 1787 1042 Senecae

2 1075 4 1080 v
20 1071 122 1103 opera
141 1059 264 1103 aliquid
283 1060 426 1092 habeant
444 1060 496 1092 vel
514 1060 714 1092 invitamenli
734 1060 784 1092 vel
805 1060 926 1092 auxilii.
983 1060 1112 1093 Valete.

0 1122 6 1204 Ι
121 1112 292 1144 Dabamus
311 1112 526 1146 Vratislaviae
546 1125 658 1145 mense
678 1113 835 1145 Januario
856 1124 885 1145 a.
907 1113 1149 1145 MDCCCLII.
