1981 2594
925 115 974 158 17

65 229 172 261 invitis
191 239 252 272 per
269 239 306 260 se
325 227 444 259 victam
463 224 654 257 concidere.
710 224 808 256 Licet
831 225 916 256 enim
942 224 1018 256 mihi
1043 224 1120 256 huic
1146 224 1194 255 rei
1218 224 1288 267 ipsa
1314 224 1430 268 partim
1451 226 1603 257 Senecae
1622 225 1722 257 verba
1740 225 1832 258 adhi-

65 281 158 321 bere,
178 291 264 324 quae
284 279 371 312 Dial.
398 278 458 317 VI,
479 289 507 310 c.
529 279 564 317 8,
584 278 603 317 ἓ
626 279 646 309 ‘2
669 282 702 309 et
722 277 742 309 3
762 276 794 308 in
814 277 884 320 pari
905 276 946 308 de
965 276 1057 308 luctu
1076 282 1258 319 praecepto
1279 277 1401 319 posuit,
1435 276 1619 320 eademque
1646 289 1749 321 opera
1773 278 1832 310 de-

64 338 212 365 monstro
232 332 276 364 ibi
295 341 430 374 quoque
449 328 568 372 injuria
585 328 794 373 repudiatam
814 340 888 360 esse
907 327 1062 360 codicum
1081 329 1295 371 scripturam:
1328 341 1389 361 non
1415 332 1446 361 le
1471 332 1544 372 ipso
1564 331 1708 362 custodis
1727 335 1761 362 et
1778 342 1832 362 re-

65 390 196 428 ceptam
218 384 319 416 hanc:
352 394 437 414 nnnc
461 385 494 414 ie
518 384 592 425 ipsa
617 381 771 419 custodis,
803 392 1003 424 quamquam
1028 380 1125 412 video
1153 379 1243 411 aliud
1269 380 1414 412 suadere
1439 393 1539 424 posse
1564 382 1675 414 locum
1694 382 1831 414 similem

66 436 162 480 epist.
180 436 240 476 63,
257 436 291 468 3.
310 435 547 467 Verumtamen
566 433 631 465 hoc
649 433 725 465 loco
746 433 801 476 qui
820 435 889 465 nisi
905 433 1120 476 scripserunt,
1139 431 1174 464 id
1192 432 1297 475 ipsum
1318 432 1388 464 fieri
1408 444 1507 476 posse
1526 439 1673 466 statuant
1691 445 1831 467 necesse

66 494 127 528 est,
146 487 238 531 quod
257 499 323 520 non
342 498 443 531 posse
461 487 533 518 fieri
553 487 685 518 Seneca
705 484 824 523 docet;
858 484 903 517 illi
922 485 1008 517 enim
1034 484 1118 516 hanc
1137 484 1333 516 sententiam
1353 484 1518 517 efficiunt:
1551 486 1577 518 si
1596 486 1682 518 bene
1707 491 1742 518 te
1759 487 1831 530 ipse

64 538 279 572 succenderis
299 546 332 571 et
350 537 491 571 subinde
510 549 628 570 causas
647 538 715 569 irae
733 537 956 577 renovaveris,
975 537 1023 568 ira
1042 536 1266 581 permanebit;
1292 537 1319 568 si
1337 536 1370 568 id
1389 549 1454 569 non
1474 536 1604 578 feceris,
1633 549 1694 570 sua
1712 545 1831 581 sponte

65 591 227 624 discedet.
284 592 414 624 Seneca
431 601 510 622 vero
529 590 594 621 hoc
613 589 732 621 voluit:
752 589 899 632 quamvis
918 595 952 621 te
971 589 1043 632 ipse
1062 588 1276 621 succenderis
1297 594 1330 620 et
1349 589 1488 621 subinde
1508 601 1626 622 causas
1644 590 1713 622 irae
1731 601 1831 622 reno-

63 644 204 684 vaveris,
223 649 332 676 tamen
352 643 407 674 illa
425 653 485 674 sua
504 648 623 686 sponte
643 641 805 673 discedet.
862 642 982 673 Restat
1000 647 1037 673 ut
1056 640 1098 673 de
1117 652 1180 673 usu
1199 640 1434 684 particularum
1452 654 1521 673 cnm
1540 643 1617 674 bene
1636 641 1754 682 dicam,
1775 643 1832 686 qui

64 707 180 740 parum
200 695 308 727 adhuc
328 694 511 738 explicatus
537 699 605 732 est3
636 705 711 726 nam
730 693 883 725 Handius
910 693 1045 737 quidem
1069 694 1101 725 in
1121 692 1268 725 'Purselh
1289 692 1334 733 II,
1358 705 1390 736 p.
1413 695 1432 725 5
1460 705 1558 726 unam
1582 693 1756 726 formulam
1774 697 1832 727 vix

64 749 142 780 bene
161 748 275 791 paucis
296 747 423 791 attigit:
443 746 531 778 illam
555 758 596 778 ne
623 745 724 778 verbo
752 745 886 789 quidem
910 746 1121 786 memoravit,
1156 751 1207 777 est
1232 750 1344 777 autem
1369 746 1543 789 utriusque
1561 746 1626 778 hoc
1645 758 1830 787 commune,

65 799 157 843 quod
175 801 252 832 bene
269 811 334 831 vox
354 811 372 831 a
390 798 525 842 propria
542 798 573 830 vi
591 809 652 830 sua
667 797 800 841 paulum
820 797 952 830 deflexa
970 809 1036 829 non
1056 797 1223 841 significat
1241 796 1274 829 id
1294 797 1384 840 quod
1403 798 1480 829 bono
1495 799 1584 830 modo
1603 799 1640 830 fit
1658 798 1720 831 sed
1738 798 1830 842 quod

64 864 100 884 re
125 863 213 890 vera,
236 862 359 894 neque,
387 856 426 883 ut
450 851 495 882 ita
522 850 640 888 dicam,
664 849 799 882 modum
819 850 984 882 essentiae
1005 849 1130 887 definit,
1154 849 1216 881 sed
1241 849 1411 882 veritatem
1430 849 1582 882 affirmat.
1636 850 1757 894 Itaque
1774 854 1831 883 vict:

63 903 141 936 hene
165 906 264 936 natus
291 902 380 946 apud
400 902 498 935 ovid.
519 903 603 935 Her.
623 902 686 942 XI,
715 903 786 935 108
807 908 858 934 est
876 902 914 941 is,
945 901 987 934 de
1014 913 1080 945 quo
1107 901 1159 933 vix
1185 907 1278 933 recte
1299 901 1410 934 dicere
1435 902 1532 935 liceat
1551 908 1664 934 natum
1684 914 1777 942 esse:
1797 909 1831 935 et

63 957 121 987 υἱέι·
138 955 216 987 bene
234 955 396 987 desieram
416 953 505 998 apud
525 953 668 987 eundem
686 954 780 986 Fast.
801 955 842 995 V,
864 955 950 987 278.
970 954 1094 998 pariter
1118 954 1283 997 explices:
1313 954 1364 985 vix
1386 952 1453 997 jam
1481 960 1572 986 recte
1606 954 1670 986 dici
1697 960 1831 998 poterat

63 1019 116 1039 me
136 1006 274 1040 desisse.
304 1007 432 1039 Creber
451 1012 503 1038 est
519 1007 584 1038 hoc
603 1017 666 1038 usu
686 1007 824 1038 maxime
840 1006 993 1046 Ovidius,
1013 1004 1109 1048 cujus
1129 1006 1280 1049 exempla
1298 1005 1381 1038 haec
1401 1006 1455 1038 uni
1473 1006 1518 1038 illi
1537 1006 1577 1038 ab
1597 1007 1732 1039 Handio
1752 1019 1830 1051 pro-

64 1059 132 1091 lato
152 1059 260 1091 addo:
297 1060 432 1092 Metam.
452 1059 497 1097 II,
518 1061 578 1091 47.
598 1059 672 1096 XV,
694 1059 779 1091 669.
805 1058 899 1090 Fast.
925 1058 984 1099 VI,
1011 1059 1097 1091 507.
1127 1058 1260 1090 Metam.
1286 1058 1350 1098 III,
1383 1060 1439 1091 14.
1459 1058 1535 1099 VII,
1558 1060 1642 1091 774.
1661 1059 1723 1099 XI,
1744 1060 1830 1092 260.

63 1111 162 1151 XIII,
190 1112 276 1143 944.
301 1111 332 1143 E
360 1112 491 1143 Seneca
522 1111 575 1142 vix
600 1122 701 1143 unum
732 1111 797 1143 huc
822 1110 962 1151 referas,
997 1109 1089 1154 quod
1115 1110 1157 1142 de
1183 1110 1315 1142 Benefl'.
1343 1110 1370 1149 I,
1400 1112 1457 1150 14,
1488 1112 1518 1143 l.
1546 1113 1602 1142 ria·
1626 1111 1705 1143 bene
1722 1115 1832 1143 notum

66 1162 156 1203 dicit,
190 1168 308 1195 contra
331 1163 375 1195 ib.
401 1163 460 1203 IV,
493 1164 549 1201 11,
584 1163 618 1195 3.
650 1165 707 1194 wisc
737 1165 822 1194 salis
847 1166 964 1196 nolum.
1019 1162 1131 1194 Altera
1163 1162 1217 1194 illa
1248 1162 1388 1194 formula
1422 1175 1492 1194 cnm
1517 1163 1594 1194 bene
1626 1174 1728 1206 saepe
1756 1175 1831 1195 cum

63 1214 128 1246 levi
151 1215 277 1247 ironiae
303 1215 417 1247 colore
445 1214 565 1246 dicitur
590 1214 621 1246 in
646 1215 747 1246 rebus
767 1215 817 1255 iis,
837 1227 923 1258 quae
943 1226 1142 1258 quamquam
1160 1213 1270 1246 factae
1295 1226 1374 1246 sane
1393 1220 1469 1247 sunt
1494 1220 1528 1247 et
1546 1226 1624 1246 vere
1649 1214 1831 1258 perfectae,

63 1271 173 1298 tamen
199 1266 251 1298 vel
277 1267 426 1299 efficiunt
451 1265 484 1298 id
511 1265 603 1310 quod
628 1278 695 1298 non
722 1272 899 1310 exspectes
933 1267 983 1299 vel
1019 1279 1085 1299 non
1113 1266 1262 1299 efficiunt
1301 1266 1391 1310 quod
1425 1272 1612 1310 exspectes,
1667 1267 1742 1300 Vid.
1771 1268 1831 1300 Ti-

63 1317 143 1350 bull.
163 1318 209 1359 ΙΙ,
239 1319 272 1359 6,
303 1321 359 1351 14.
384 1319 506 1351 ,ΙΨ-ατί
526 1321 672 1361 quotiens
697 1320 878 1351 rediturum
903 1320 948 1351 acl
973 1320 1086 1351 limina
1112 1322 1298 1361 nunquam!
1322 1331 1391 1350 cum
1410 1319 1487 1351 bene
1497 1319 1626 1364 jurari.
1645 1330 1706 1362 pes
1724 1323 1833 1352 tamen

63 1372 134 1413 ipse
151 1371 248 1403 redit.
275 1382 342 1414 quo
362 1370 438 1402 loco
466 1376 577 1403 errant
601 1370 657 1414 qui
681 1370 758 1403 bene
774 1371 894 1416 jurare
920 1377 1091 1415 exponunt
1114 1371 1160 1403 ita
1178 1376 1215 1403 ut
1233 1371 1275 1403 sit
1292 1375 1404 1403 sancte
1414 1371 1544 1415 jurare,
1563 1371 1614 1403 vel
1640 1372 1745 1412 valde,
1765 1383 1833 1404 ma-

62 1433 213 1465 gnopere.
267 1422 321 1455 Cf.
349 1422 447 1455 Ovid.
475 1423 579 1455 Trist.
604 1423 644 1463 V,
674 1425 706 1463 7,
728 1424 787 1455 33.
815 1425 895 1456 Cum
920 1425 998 1456 bene
1022 1424 1136 1455 devovi
1159 1422 1352 1468 (carmina),
1384 1435 1502 1466 nequeo
1531 1426 1638 1455 lamen
1667 1436 1736 1456 esse
1761 1426 1834 1456 sine

64 1475 140 1506 illis.
196 1476 266 1506 Am.
300 1475 328 1515 Ι,
359 1476 391 1515 l,
422 1476 479 1506 17.
507 1476 541 1515 S,
568 1476 627 1507 37.
655 1475 701 1515 II,
730 1477 763 1515 2,
793 1477 852 1508 32.
882 1476 915 1516 9,
943 1477 1002 1507 Ξῖ.
1028 1476 1092 1516 ΙΙΙ,
1120 1476 1153 1513 S,
1174 1478 1207 1508 7.
1228 1477 1266 1508 A.
1287 1476 1325 1508 A.
1346 1475 1373 1514 I,
1401 1477 1486 1508 419.
1507 1475 1554 1515 ΙΙ,
1575 1476 1660 1508 461.
1681 1476 1770 1520 Epp.
1792 1487 1833 1508 ex

62 1526 103 1558 P.
123 1526 152 1567 I,
180 1527 214 1566 3,
242 1528 302 1558 27.
330 1527 363 1566 5,
392 1527 449 1558 53.
478 1538 564 1569 quae
593 1527 703 1559 omnia
726 1527 917 1571 singulatim
943 1539 1097 1560 enarrare
1125 1539 1190 1560 non
1216 1539 1300 1571 opus
1321 1533 1381 1560 est.
1438 1528 1569 1560 Seneca
1594 1538 1673 1559 vero
1700 1528 1740 1560 ab
1769 1528 1833 1560 hoc

63 1589 127 1610 usu
151 1590 217 1611 non
243 1578 431 1617 abhorruit;
462 1578 526 1611 vid.
557 1578 598 1611 de
618 1579 749 1611 Beneff.
769 1579 828 1619 VI,
850 1581 908 1619 15,
930 1581 964 1612 4.
1007 1579 1089 1612 Cum
1107 1581 1185 1612 bene
1204 1582 1269 1612 ista
1288 1580 1484 1619 laudaveris,
1503 1582 1593 1612 tanti
1608 1583 1695 1619 sunt,
1712 1583 1833 1623 quanto

59 1632 168 1673 pluris
190 1634 300 1663 venire
325 1643 387 1662 non
409 1634 547 1673 possint.
601 1631 651 1663 Ib.
675 1631 752 1672 VII,
782 1634 840 1672 10,
874 1633 907 1664 6.
934 1644 1004 1664 cum
1029 1633 1107 1664 bene
1139 1635 1204 1664 isla
1226 1651 1275 1656 —
1303 1634 1571 1674 circumspexerit
1601 1632 1834 1675 superbumque

63 1694 98 1713 se
111 1681 258 1723 fecerit,
281 1685 315 1714 εἰ
337 1683 492 1725 quicquid
514 1683 629 1721 habet,
654 1686 687 1715 ei
708 1684 792 1726 quod
816 1686 908 1726 cupit
941 1687 1116 1727 comparet,
1143 1696 1272 1727 pauper
1300 1687 1358 1716 est.
1431 1683 1483 1716 Cf.
1509 1683 1597 1716 Dial.
1624 1684 1682 1724 VI,
1711 1686 1769 1726 11,
1798 1685 1833 1717 3.

63 1733 126 1772 IX,
150 1735 181 1774 1,
202 1735 236 1767 S.
264 1734 307 1771 X.
337 1736 395 1774 14,
423 1735 457 1767 3.
491 1734 578 1766 Illud
604 1734 759 1768 dissimile
787 1736 876 1768 Dial.
896 1736 958 1775 XI,
987 1748 1016 1769 c.
1038 1737 1071 1776 2,
1099 1738 1118 1768 2
1141 1735 1216 1781 (3).
1244 1747 1314 1768 cnm
1340 1736 1417 1768 bene
1450 1737 1539 1768 illum
1564 1738 1747 1769 circuisse-3.
1784 1756 1835 1761 —

64 1782 181 1820 CAP.
202 1782 386 1827 XXVIII,
407 1783 442 1818 5.
467 1789 615 1828 patriam
639 1788 755 1832 scripsi
781 1799 821 1819 ex
848 1787 924 1820 cod.
953 1790 991 1820 A.
1017 1800 1078 1832 pro
1106 1788 1242 1832 vulgato
1259 1791 1424 1830 patruum.
1443 1808 1494 1813 —
1513 1785 1629 1823 CAP.
1651 1784 1778 1829 XXX,
1802 1786 1833 1822 I.

65 1837 215 1882 (XXIX,
249 1838 305 1880 4.)
335 1841 368 1869 iu
400 1839 680 1882 praepositionem
712 1846 789 1884 post
820 1841 910 1872 rides
944 1841 1099 1884 quoniam
1132 1842 1159 1872 A
1191 1839 1298 1872 codex
1332 1840 1462 1881 omittit,
1492 1853 1558 1885 ego
1586 1852 1721 1884 quoque
1753 1839 1835 1883 abji-

65 1889 215 1922 ciendam
248 1888 378 1932 judico.
415 1909 464 1914 —
500 1891 550 1924 Ib.
582 1893 600 1932 ζ)
628 1893 649 1924 5
685 1891 762 1937 (3).
789 1893 952 1925 Cimbrum
980 1894 1112 1926 Tillium
1146 1892 1279 1936 scripsi,
1318 1904 1384 1925 non
1413 1893 1577 1932 Tullium,·
1610 1904 1684 1925 nam
1713 1905 1756 1925 ne
1793 1892 1835 1925 de

65 1941 134 1973 aliis
163 1942 273 1974 causis
304 1941 429 1980 dicam,
454 1942 561 1986 ipsum
591 1955 727 1987 quoque
760 1944 842 1976 illud
878 1944 954 1977 huic
993 1945 1178 1989 scripturae
1211 1944 1314 1983 favet,
1347 1944 1439 1988 quod
1465 1945 1497 1976 in
1522 1947 1548 1978 A
1575 1950 1609 1977 et
1633 1945 1702 1977 aliis
1734 1944 1835 1978 codd.

65 1998 117 2025 est
148 1995 290 2033 m‘llium,
338 1994 369 2026 in
408 2006 474 2037 quo
509 1995 612 2038 prima
642 1996 752 2029 littera
791 2002 864 2028 orta
895 1996 1027 2029 ridetur
1063 2009 1103 2029 ex
1134 1996 1375 2040 longobardica
1408 1996 1512 2029 forma
1552 2000 1566 2029 t
1601 1996 1743 2030 litterae.
1787 2017 1837 2022 —

66 2041 183 2080 CAP.
203 2041 371 2087 XXXII,
392 2043 413 2079 *2
435 2044 512 2090 (l).
540 2048 701 2090 loquemur
719 2049 833 2092 recepi
852 2060 891 2081 ex
912 2048 988 2081 cod.
1009 2050 1048 2082 A.
1069 2055 1103 2081 et
1122 2049 1191 2081 aliis
1217 2048 1349 2081 duobus
1377 2050 1583 2092 vetustisque
1613 2048 1711 2089 edd.;
1742 2049 1835 2093 quod

66 2096 239 2141 vulgatum
259 2104 310 2130 est
328 2099 496 2140 loquimur,
516 2098 646 2132 videtur
664 2112 749 2133 mmo
767 2101 949 2144 particulae
968 2102 1075 2146 gratia
1094 2101 1251 2145 scriptum
1272 2113 1357 2134 esse.
1386 2120 1433 2125 —
1460 2102 1506 2134 lb.
1525 2104 1543 2143 §
1564 2102 1585 2134 3
1607 2100 1681 2145 (2).
1711 2101 1834 2134 Verisi-

65 2148 141 2181 mile
167 2149 243 2181 mihi
269 2155 320 2182 est
339 2151 502 2183 Senecam
530 2152 701 2195 scripsisse
721 2155 847 2185 intueri
863 2157 1027 2196 tamquam
1046 2156 1152 2185 omm'a
1172 2171 1220 2177 —-
1236 2154 1381 2195 puerilia
1400 2155 1478 2192 sint,
1512 2165 1577 2186 non
1602 2165 1708 2196 quam,
1744 2152 1837 2197 quod

66 2206 124 2233 aut
139 2212 253 2233 errore
269 2207 378 2234 ortum
392 2210 449 2235 aut
467 2203 566 2235 etiam
585 2204 662 2237 ideo
682 2204 865 2245 inductum,
886 2206 964 2249 quia
982 2206 1082 2249 paulo
1103 2210 1180 2248 post
1198 2205 1365 2248 sequitur:
1391 2206 1512 2246 videre,
1535 2217 1631 2248 quam
1649 2206 1786 2238 humilia
1805 2208 1838 2237 et

65 2253 193 2297 objecta
211 2255 290 2286 sint.
318 2253 379 2286 sed
397 2255 488 2298 quod
507 2256 551 2288 ibi
569 2257 752 2289 rectissime
773 2257 903 2298 dicitur,
923 2257 957 2290 id
974 2258 1027 2290 hic
1046 2265 1158 2301 aptum
1177 2269 1243 2289 non
1262 2256 1403 2297 videtur,
1433 2258 1492 2290 ubi
1517 2257 1726 2290 adversarius
1754 2261 1838 2301 que-

65 2304 148 2336 ritur
165 2305 298 2338 nimium
318 2306 454 2350 exigere
475 2308 649 2349 Senecam,
670 2309 696 2341 si
711 2307 830 2352 jubeat
849 2311 969 2350 omnia,
989 2322 1050 2355 per
1069 2321 1155 2353 quae
1181 2308 1268 2341 laedi
1287 2309 1467 2349 videamur,
1501 2317 1667 2353 tamquam
1702 2310 1836 2354 exigua,

1459 2362 1480 2395 3
