1981 2594
1026 112 1078 154 18

170 232 298 271 misera,
316 228 453 274 puerilia
471 225 601 258 intueri.
656 224 712 255 De
731 234 794 254 usu
814 233 892 253 vero
912 232 978 253 non
992 219 1233 258 *dubitandum
1258 219 1325 251 vid.
1352 220 1432 253 Nat.
1460 220 1525 257 Qu.
1548 219 1612 260 ΙΙΙ,
1641 219 1746 262 praef.
1768 219 1787 259 §
1811 221 1868 252 14.
1889 232 1939 252 ce·

172 288 244 317 tera
262 302 310 307 -—-
327 284 376 313 sic
395 281 526 311 intueri.
544 278 642 318 quasi
658 277 802 307 exitura.
839 292 891 296 —
926 273 1015 304 Dial.
1038 272 1117 309 XII.
1144 283 1173 303 c.
1198 272 1256 311 13,
1286 273 1320 303 ⁶2.
1341 272 1488 303 ultimum
1507 272 1592 304 diem
1610 283 1671 303 non
1691 274 1790 314 quasi
1800 283 1938 314 poenam

170 336 227 368 sed
244 336 341 376 quas,-
356 334 495 363 „almae
512 330 612 371 legem
630 327 810 369 adspicere.
863 325 952 356 Dial.
970 325 1028 364 VI,
1051 336 1079 356 c.
1105 325 1136 361 Ι,
1161 325 1192 355 1.
1213 326 1283 355 mse·
1297 326 1413 355 scirem
1429 341 1480 347 ——
1495 335 1596 356 mores
1614 327 1686 356 taos
1704 325 1790 356 velut
1808 325 1938 367 aliquod
1978 339 1980 341 ’

171 389 336 428 antiquum
354 382 518 423 exemplar
537 380 676 421 adspz‘cz'.
719 377 808 410 Dial.
829 377 891 416 IX,
913 388 941 408 c.
966 378 1024 416 ll,
1046 378 1080 409 S.
1101 379 1134 407 si
1149 378 1221 418 qm's
1240 378 1347 406 omnia
1367 376 1475 407 aliena
1496 377 1582 407 mala
1601 395 1652 400 —
1670 379 1718 408 sic
1737 376 1939 419 adspexerit,

171 443 331 480 tamquam
357 435 490 466 liberum
516 432 582 463 illa's
607 433 640 462 et
665 430 709 461 ad
733 442 766 461 se
786 432 848 461 fler
867 431 922 460 sit.
942 428 1052 470 Epist.
1074 429 1135 465 61.
1160 429 1191 459 l.
1228 446 1279 451 -—-
1317 423 1432 460 CAP.
1454 423 1639 469 XXXIII,
1661 425 1682 461 3
1703 426 1777 473 (⁸2).
1803 431 1939 471 propter

172 500 302 522 usuram
323 486 337 496 *
358 488 416 517 aut
434 484 656 523 milensimmn]
675 482 869 524 Depraxato
890 480 966 511 huic
984 480 1060 511 loco
1082 479 1253 522 quomodo
1274 478 1536 510 succurrendum
1556 480 1599 512 sit
1616 480 1749 518 nescio;
1768 480 1849 512 illud
1868 480 1938 512 scio
1975 481 1980 488 '

169 553 235 574 non
254 545 344 572 recte
365 537 464 580 vulgo
485 534 556 567 edi:
573 537 710 576 propter
728 544 859 564 usuram
880 532 970 563 hand
987 533 1176 564 milesimum
1186 544 1200 569 ;
1217 543 1291 563 nam
1311 538 1544 574 praeterquam
1561 531 1653 574 quod
1668 531 1816 564 inaudita
1835 537 1888 565 est
1906 537 1942 564 et

169 594 200 626 in
216 592 402 624 feneratore
422 587 609 619 avarissimo
631 585 727 628 plane
746 583 945 616 incredibilis
966 595 1066 615 usura
1082 583 1251 623 milesima,
1271 582 1352 615 illud
1372 595 1508 626 quoque
1528 584 1693 624 vitiosum,
1715 583 1807 626 quod
1823 590 1940 616 contra

171 645 311 677 omnium
325 642 481 673 librorum
495 651 571 670 mss.
589 637 820 669 auctoritatem
836 636 926 668 haud
944 636 1100 679 scriptum
1122 641 1173 667 est
1191 647 1251 678 pro
1272 638 1340 667 aut.
1375 635 1557 667 Sciendum
1573 636 1659 667 enim
1674 636 1763 668 haud
1777 635 1941 679 particula
1962 625 1963 648 1

170 698 329 728 Senecam
349 692 479 724 omnino
499 702 595 722 usum
610 701 676 721 non
696 700 770 720 esse
790 688 849 720 nisi
868 688 900 719 in
917 688 1082 725 versibus3
1101 687 1165 719 vid.
1183 687 1291 731 epigr.
1309 689 1343 727 5,
1360 690 1394 719 4.
1411 687 1535 731 legitur
1553 699 1593 720 ea
1609 688 1710 732 vulgo
1727 687 1826 720 etiam
1841 687 1937 731 epist.
1963 709 1964 713 =

172 750 229 787 16,
256 749 276 779 2
296 745 356 778 sed
375 745 449 775 loco
470 744 547 774 item
562 742 775 773 vehementer
793 745 964 782 corrupto,
986 740 1040 771 ubi
1061 740 1150 770 leand
1169 751 1234 770 non
1255 745 1306 770 est
1324 739 1384 770 nisi
1403 739 1434 771 in
1455 739 1677 772 deterioribus
1693 739 1798 780 libris;
1814 745 1849 772 et
1861 751 1939 783 pro-

168 799 256 832 fecto
278 804 419 839 utroque
442 795 559 826 horum
579 794 729 825 locorum
750 792 844 823 aliam
868 791 1066 823 emendandi
1090 791 1172 822 viam
1188 791 1337 823 iniissent
1352 790 1512 831 editores,
1535 793 1562 824 si
1578 803 1673 824 usum
1689 793 1841 824 Senecae
1860 791 1939 824 satis
1980 806 1981 809 ¹

170 851 338 895 cognitum
358 848 561 885 habuissent,
585 844 678 888 cujus
698 844 910 888 ignoratione
926 843 1072 875 nonnulli
1088 844 1184 875 etiam
1208 843 1250 875 de
1266 841 1461 885 conjectura
1483 844 1573 875 hand
1586 843 1781 887 particulam
1795 842 1940 876 inferen-

170 903 244 935 dam
260 905 471 939 censuerunt,
484 898 585 930 veluti
598 898 759 929 Erasmus
775 896 871 938 epist.
888 897 947 933 86,
968 897 1025 928 13.
1042 895 1220 927 Pincianus
1236 896 1313 927 Nat.
1332 895 1471 935 Qu.III‚
1488 907 1516 927 c.
1537 898 1569 933 7,
1585 897 1619 928 4.
1636 896 1826 928 Gronovius
1842 895 1938 939 epist.

170 956 231 995 58,
251 955 306 986 16.
324 952 491 985 Vonckius
508 950 603 993 epist.
621 952 654 983 7.
674 951 705 980 7.
722 949 800 991 Ego
817 948 919 991 igitur
934 951 992 979 aul
1006 948 1164 979 intactum
1180 947 1308 990 reliqui,
1324 946 1446 979 indicio
1462 947 1495 979 id
1512 959 1587 979 esse
1606 953 1709 987 ratus,
1731 947 1853 990 aliquid
1868 947 1900 980 h.
1916 947 1940 979 l.
1966 959 1967 991 3

169 1006 342 1039 excidisse.
380 1003 512 1036 Deinde
536 1002 689 1045 quoniam
713 999 921 1031 manifestum
945 1006 995 1032 est
1018 1012 1082 1032 non
1104 999 1192 1031 domi
1213 1005 1398 1031 manentem
1419 999 1642 1032 feneratorem
1666 999 1818 1043 intelligi,
1848 993 1940 1042 quod

169 1058 381 1100 Ruhkopfius
398 1055 548 1099 opinatus
565 1060 626 1090 est,
651 1052 710 1084 sed
726 1064 766 1084 ne
782 1052 858 1095 ipsis
875 1051 1008 1094 quidem
1024 1052 1128 1084 morbi
1145 1051 1392 1083 accessionibus
1408 1057 1586 1093 retentum,
1609 1052 1784 1095 quominus
1805 1062 1940 1095 compa—

169 1116 241 1142 reat
256 1108 424 1151 injudicio
442 1119 514 1138 cum
532 1105 748 1143 debitoribus,
766 1116 849 1147 quos
866 1116 926 1146 per
941 1104 1126 1136 xadimonia
1141 1104 1260 1136 adesse
1277 1104 1403 1147 coegit,
1420 1104 1668 1146 comparendum
1682 1104 1809 1147 scripsi,
1827 1102 1941 1146 utjam

170 1162 246 1193 olim
263 1161 364 1193 Curio
382 1166 415 1192 et
431 1157 673 1197 Gothosredus,
695 1169 768 1188 cum
784 1156 815 1188 in
831 1156 919 1188 libris
935 1169 1010 1188 mss.
1035 1157 1076 1188 sit
1095 1156 1346 1198 comparandum
1357 1169 1371 1193 ‚·
1392 1155 1433 1188 cf.
1459 1157 1554 1199 epist.
1581 1157 1639 1195 53,
1656 1157 1690 1188 9.
1715 1155 1859 1199 denique
1877 1166 1938 1198 pro

169 1215 303 1250 relic-lis,
318 1212 408 1255 quod
423 1212 569 1254 ineptum
586 1222 659 1242 esse
675 1220 770 1240 nemo
787 1208 934 1252 negabit,
951 1208 1111 1240 audacius
1127 1209 1243 1251 scripsi
1257 1211 1424 1246 re!eulus,=
1439 1220 1548 1251 neque
1564 1208 1649 1240 enim
1665 1208 1770 1240 lenior
1778 1207 1942 1240 medicina

170 1266 350 1301 succurrit:
365 1263 445 1296 illud
461 1269 552 1295 certe
568 1262 702 1294 dubium
719 1273 782 1292 non
799 1268 860 1297 est,
878 1261 954 1303 quin
970 1266 1061 1293 recte
1079 1260 1207 1292 dicatur
1221 1261 1265 1292 ad
1279 1261 1528 1302 comparendum
1542 1272 1604 1292 non
1625 1263 1792 1298 retenlns;
1810 1260 1855 1292 ita
1878 1259 1940 1291 Se-

169 1329 254 1350 neca
276 1318 373 1349 etiam
393 1327 575 1359 repugnare
598 1321 632 1346 et
654 1312 789 1356 officere
813 1324 887 1344 cum
902 1314 946 1344 ad
960 1313 1209 1356 praepositione
1224 1311 1405 1354 conjunxit,
1423 1310 1517 1354 cujus
1532 1323 1613 1344 usus
1628 1312 1760 1344 omnino
1781 1317 1833 1344 est
1850 1309 1942 1354 apud
1971 1322 1973 1325 ’

172 1381 249 1402 eum
271 1374 304 1401 et
322 1367 607 1412 frequentissimus
628 1371 661 1398 et
680 1364 858 1397 admodum
878 1365 1001 1403 x·arius;
1034 1364 1098 1396 vid.
1120 1366 1197 1397 Nat.
1229 1366 1293 1400 Qu.
1314 1363 1377 1400 ΙΙΙ,
1405 1376 1434 1396 c.
1457 1365 1516 1404 96,
1538 1365 1572 1396 3.
1592 1364 1650 1401 IV,
1676 1375 1705 1396 c.
1730 1365 1787 1403 ll,
1808 1364 1842 1396 3.
1862 1363 1942 1395 item

170 1423 299 1453 obslare
316 1421 411 1464 epist.
429 1421 489 1459 62,
509 1421 540 1450 1.
558 1421 616 1455 ῖ1,
637 1419 693 1449 10.
711 1423 744 1449 et
759 1417 921 1448 delerrere
940 1417 981 1449 de
996 1417 1128 1449 Beness'.
1146 1417 1221 1457 Vll,
1240 1417 1299 1457 31,
1317 1418 1349 1448 5.
1367 1416 1423 1448 ubi
1443 1427 1482 1448 ea
1501 1416 1706 1448 constructio
1726 1415 1812 1447 male
1831 1427 1850 1447 a
1869 1415 1940 1458 qui-

170 1473 309 1505 busdam
332 1477 457 1504 mutata
480 1477 541 1502 est.
565 1490 602 1493 -
627 1466 742 1503 (ΪΑΡ.
760 1465 945 1507 XXXIV,
966 1468 995 1501 l.
1013 1470 1086 1501 Vox
1102 1472 1252 1502 naturae.
1269 1480 1355 1511 quae
1371 1467 1468 1500 deest
1481 1469 1512 1500 in
1528 1480 1594 1500 uno
1611 1467 1687 1500 cod.
1703 1468 1746 1500 Ε.
1763 1479 1832 1500 sec.
1848 1467 1940 1507 XIV,

171 1525 246 1557 mihi
265 1531 422 1567 suspecta
439 1529 507 1561 est;
530 1521 660 1553 videtur
683 1521 767 1553 enim
783 1521 944 1563 interpres
965 1521 1082 1564 aliquis
1104 1521 1146 1552 ad
1161 1521 1336 1564 sequentia
1355 1520 1426 1552 illa:
1449 1532 1552 1552 sermo
1567 1520 1800 1552 Jmnza’m'datus
1816 1519 1940 1552 adscri-

171 1578 276 1620 psisse
292 1580 412 1608 natura
428 1575 478 1606 vel
494 1587 513 1606 α
529 1577 659 1613 natura,
676 1572 768 1615 quod
785 1572 904 1605 deinde
921 1574 1026 1605 alieno
1043 1573 1118 1605 loco
1135 1573 1220 1605 inter
1236 1574 1388 1605 Senecae
1403 1573 1504 1604 verba
1518 1572 1658 1604 relatum
1675 1571 1840 1603 ethorum
1854 1577 1942 1604 stru-

172 1635 286 1661 cturae
307 1626 664 1660 accommodatum.—
677 1626 721 1656 lb.
739 1625 757 1664 ἓ
776 1627 809 1656 2.
829 1626 956 1657 restitui
976 1626 1171 1668 scripturam
1191 1625 1359 1669 vulgatam
1379 1628 1501 1664 lrssles,
1521 1625 1597 1667 quia
1614 1623 1705 1667 quod
1720 1623 1752 1655 in
1768 1623 1868 1655 codd.
1891 1628 1942 1656 est

172 1684 266 1712 triste
300 1692 364 1712 non
389 1679 486 1711 video
514 1677 683 1721 quomodo
713 1676 847 1709 defendi
876 1678 991 1720 possit.
1046 1677 1153 1709 Paulo
1180 1683 1257 1720 post
1283 1676 1491 1708 manifestum
1516 1688 1590 1708 esse
1617 1676 1759 1708 arbitror
1777 1675 1941 1707 excidisse

174 1732 297 1776 aliquid
316 1733 400 1763 inter
418 1734 570 1773 copiolas
590 1736 623 1762 et
642 1732 857 1766 crilm'llallls;
890 1729 969 1761 illud
997 1730 1081 1761 enim
1111 1730 1257 1772 pertinet
1281 1729 1323 1760 ad
1343 1741 1456 1760 senem
1483 1728 1625 1771 aliquem
1645 1729 1741 1760 orbae
1765 1730 1942 1760 senectutis

172 1795 306 1827 regumn
325 1787 534 1819 exerceulem,
554 1783 609 1824 qui
630 1781 685 1813 diu
705 1786 856 1824 captatus
880 1781 1023 1824 denique
1044 1787 1233 1825 captantem
1252 1781 1386 1820 sesellit;
1405 1780 1470 1813 hoc
1490 1792 1568 1812 vero
1589 1785 1720 1824 spectat
1739 1791 1826 1820 eum,
1846 1777 1941 1822 cujus

173 1836 452 1868 criminationibus
480 1834 575 1866 alicui
600 1834 728 1866 lucrum
753 1833 889 1875 aliquod
917 1834 965 1865 rcl
993 1840 1218 1876 quaestuosae
1247 1834 1365 1866 domus
1391 1833 1499 1876 gratia
1520 1832 1571 1865 vel
1596 1833 1690 1864 favor
1708 1831 1864 1875 principis
1884 1836 1942 1863 aut

172 1888 239 1920 tale
260 1887 382 1930 aliquid
403 1892 552 1930 ereptum
572 1892 638 1924 est;
660 1885 702 1918 cf.
722 1885 811 1917 Dial.
832 1885 877 1923 ΙΙ,
900 1897 928 1917 c.
952 1887 985 1923 9,
1008 1890 1040 1917 2.
1054 1882 1228 1919 —CAIR
1250 1884 1409 1927 XXXV,
1432 1884 1455 1918 5
1476 1884 1550 1929 (4).
1581 1886 1692 1917 Voces
1719 1887 1778 1926 qm*
1799 1895 1942 1915 mensam

171 1940 225 1971 vix
244 1951 344 1971 sanae
364 1939 531 1977 videntur}
554 1950 619 1981 ego
640 1937 826 1980 scripserim
847 1944 904 1968 aut
924 1949 1022 1979 neque
1043 1950 1194 1978 mensam,
1227 1944 1285 1970 aut
1302 1941 1361 1979 (μί
1376 1950 1437 1969 non
1456 1949 1609 1975 mensam,
1644 1941 1681 1968 ut
1699 1936 1741 1967 sit
1760 1935 1939 1978 anaphora.

173 1992 306 2024 Deinde
326 2003 385 2035 pro
406 1993 533 2023 calcare
551 1990 761 2022 scribendum
783 1989 885 2020 visum
906 1996 956 2020 cst
975 1991 1121 2028 caleam}
1146 1991 1176 2022 in
1204 1990 1258 2021 illo
1286 1989 1370 2021 enim
1397 1988 1566 2029 translatio
1594 1994 1683 2020 esset
1710 1988 1759 2019 vel
1788 1988 1941 2019 Senecae

173 2045 266 2076 nimis
285 2043 411 2079 audam
432 2043 621 2075 desiderant
640 2041 727 2074 oculi
745 2041 789 2073 illi
806 2042 928 2072 domum
948 2045 1046 2073 eliam
1061 2054 1123 2083 qna
1144 2044 1292 2074 calci-alar
1304 2045 1493 2084 pretiosum,
1513 2047 1550 2072 ut
1565 2041 1610 2072 ait
1623 2040 1713 2072 Dial.
1730 2040 1790 2079 IX,
1807 2050 1836 2071 e.
1857 2041 1888 2079 l,
1905 2039 1938 2071 S.

175 2096 218 2128 cf.
238 2096 345 2139 Epist.
367 2097 426 2130 86.
448 2097 481 2128 6.
519 2114 567 2120 —-
605 2090 720 2128 CAP.
740 2090 919 2135 XXXVI,
951 2100 1033 2125 extr.
1054 2094 1251 2135 (XXXVII,
1276 2096 1326 2137 1).
1353 2097 1506 2126 rectorem
1526 2091 1679 2135 praefero
1710 2103 1783 2124 cum
1804 2090 1882 2123 cod.
1901 2092 1939 2122 A.
1980 2134 1981 2145 ¹

175 2167 225 2173 —
245 2144 359 2182 CAP.
380 2146 559 2189 XXXIX,
582 2144 617 2179 3.
632 2147 790 2188 pudorem
810 2146 862 2176 illi
877 2157 934 2176 cur
953 2157 1014 2177 mm
1033 2144 1182 2192 reseis-lat]
1204 2146 1336 2179 Nollem
1356 2157 1408 2177 me
1427 2158 1484 2178 cnr
1504 2156 1522 2177 e
1542 2142 1736 2186 conjectura
1757 2142 1940 2186 scripsisse,

178 2199 268 2242 quod
287 2200 436 2231 volebam
457 2199 560 2242 accipi
581 2199 611 2230 in
632 2197 767 2230 modum
786 2197 897 2229 talium
918 2197 1155 2240 exemplorum,
1183 2198 1291 2241 qualia
1310 2197 1422 2229 Hand.
1445 2196 1590 2229 'Pursell.
1611 2197 1656 2236 ΙΙ,
1692 2209 1724 2239 p.
1748 2197 1816 2227 177
1839 2194 1942 2226 colle-

178 2252 242 2294 git3
269 2252 329 2284 sed
344 2251 411 2294 jam
431 2264 495 2284 non
515 2251 660 2294 reperio,
687 2262 746 2282 cur
764 2249 971 2292 improbetur
991 2249 1080 2292 quod
1100 2250 1131 2281 in
1151 2250 1239 2282 libris
1266 2255 1318 2282 est
1343 2252 1407 2288 eui,
1438 2250 1469 2281 in
1497 2261 1563 2292 quo
1588 2248 1753 2291 intelligas
1773 2246 1941 2289 pudorem.

177 2322 228 2327 —
255 2299 370 2337 CAP.
403 2303 485 2346 XL,
516 2301 548 2336 1.
583 2315 652 2335 cam
673 2305 823 2345 potueris
851 2301 991 2342 restitui,
1021 2307 1058 2333 ut
1083 2302 1157 2334 olim
1184 2303 1370 2346 vulgatum.⁴
1398 2306 1431 2333 et
1462 2301 1510 2334 sic
1535 2301 1636 2333 habet
1660 2302 1687 2332 A
1711 2310 1779 2331 sec.
1800 2310 1842 2331 m.
1867 2309 1942 2330 cum
