1981 2594
949 123 975 165 3

76 237 196 268 iterum
214 234 266 266 vel
285 233 353 265 aliis
373 223 575 276 argumentiS
597 231 771 263 confirmet
790 231 840 262 vel
861 231 930 262 aliis
951 236 1042 262 certe
1061 231 1181 271 verbis,
1202 231 1271 262 aliis
1291 232 1435 264 artificiis
1456 238 1612 271 exornet;
1641 233 1682 265 cf.
1705 246 1733 265 c.
1756 235 1788 273 2,
1809 236 1842 265 9.

78 289 112 326 4,
131 288 163 318 5.
180 285 267 318 Dial.
283 285 347 324 ΙΙΙ,
364 285 398 323 8,
416 285 449 315 2.
469 284 527 323 14,
545 283 579 315 3.
598 284 657 321 2Ο,
676 283 709 314 3.
725 282 785 322 IV,
803 283 861 322 21,
880 283 911 314 1.
935 283 994 321 28,
1016 284 1049 314 5.
1069 283 1110 321 V,
1135 283 1192 322 14,
1214 283 1247 314 6.
1269 283 1326 322 VI,
1350 284 1407 317 1-2,
1429 285 1462 316 4.
1490 284 1534 324 X,
1557 286 1590 324 7,
1613 286 1645 316 7.
1670 284 1733 325 XI,
1755 286 1788 323 6,
1811 286 1844 316 5.

77 339 156 371 Nat.
178 338 331 373 Quaestt.
350 335 409 374 IV,
431 335 489 374 13,
511 335 545 366 8.
571 334 679 377 Epist.
704 335 761 365 ll.
783 338 866 365 extr.
888 334 949 372 33,
967 334 998 364 5.
1021 334 1081 372 38,
1102 335 1135 364 2.
1157 334 1218 370 40,
1242 335 1299 365 14.
1322 335 1381 372 59,
1404 336 1436 366 2.
1462 336 1518 366 15.
1541 336 1600 374 85,
1623 336 1682 368 33.
1704 341 1739 367 et
1758 336 1844 368 alibi.

16 416 23 422 ,
79 409 121 413 -
142 387 244 425 Quod
264 385 385 418 deinde
404 386 583 429 legebatur
601 386 678 417 belle·
694 385 856 426 triumpho
876 384 926 415 vel
946 385 1037 416 bellis
1056 385 1271 425 triumphant,
1291 396 1432 426 quorum
1451 392 1629 429 utrumque
1648 387 1749 418 habet
1768 387 1844 418 cod.

75 442 114 480 Α,
133 438 213 471 illud
239 450 257 470 a
276 449 344 469 sec.
365 449 420 476 m.,
440 437 519 468 ferri
537 448 603 468 non
623 441 751 479 potest;
784 436 922 468 alterum
947 435 1045 467 etiam
1072 435 1252 467 absurdum
1278 441 1339 475 est,
1373 436 1449 478 quia
1475 437 1550 468 belli
1577 438 1760 481 triumphus
1780 450 1846 470 non

75 495 188 534 potest
205 489 275 532 pari
294 489 369 520 loco
397 500 471 520 cum
491 488 590 520 rebus
611 487 757 519 adversis
777 488 867 529 poni,
900 487 1039 518 alterum
1058 498 1120 518 nec
1138 487 1224 518 bene
1243 499 1306 518 nec
1324 487 1424 519 latine
1444 487 1567 520 dictum
1601 494 1662 529 est,
1694 489 1845 531 quando-

76 541 209 584 quidem
231 540 325 572 bellis
344 539 545 582 triumphare
565 539 597 571 h.
613 539 634 570 l.
652 538 698 570 sic
717 538 970 582 intelligendum
990 544 1052 579 est,
1073 544 1110 570 ut
1129 539 1171 570 sit
1190 538 1301 570 oblata
1321 538 1482 570 bellorum
1502 540 1728 582 gerendorum
1748 552 1846 572 occa-

76 594 169 625 sione
196 591 358 635 gaudere.
412 590 553 622 Accedit
577 595 764 633 praeterea,
791 589 882 632 quod
909 601 1053 632 sequens
1078 590 1242 622 sententia
1274 602 1340 622 non
1365 596 1477 632 potest
1504 596 1580 633 apte
1607 603 1625 623 a
1651 592 1845 634 pronomine

74 656 132 687 ego
154 643 311 686 incipere,
331 641 385 673 cui
404 653 479 673 cum
498 641 576 672 nihil
594 641 766 684 praecipui
784 641 943 684 ponderis
963 642 1049 681 insit,
1082 653 1223 673 necesse
1250 646 1301 673 est
1320 641 1461 684 aliquam
1481 654 1596 673 vocem
1622 643 1845 686 praepositam

75 695 195 734 suisse3
216 705 319 736 quare
338 693 416 724 nihil
435 692 651 732 verisimilius,
680 704 777 735 quam
797 693 889 735 quod
908 693 1082 725 Rubenius
1104 698 1137 724 et
1157 693 1347 724 Gronovius
1373 692 1605 736 conjecerunt:
1633 695 1847 736 Triumphum

74 759 142 790 ego,
174 751 211 778 ut
229 744 310 776 illud
329 744 371 776 sit
389 755 509 775 nomen
528 744 699 786 proprium
717 744 951 783 murmillonis;
985 743 1077 787 quod
1097 755 1171 776 cum
1190 743 1311 775 librarii
1331 755 1396 775 non
1424 750 1659 787 agnoscerent,
1692 745 1847 788 triumphi

74 809 195 830 nomen
223 801 424 839 putaverunt
455 807 530 826 cum
563 795 749 838 propinqua
780 795 943 827 bellorum
973 795 1141 827 mentione
1175 795 1286 837 aliquo
1317 795 1417 826 modo
1452 794 1724 839 conjungendum
1757 808 1843 828 esse.

76 850 233 881 Ceterum
253 846 345 890 quod
372 846 539 890 gladiator
572 847 687 889 aliquis
709 846 911 889 Triumphus
938 847 1070 878 nomine
1095 852 1299 878 memoratur
1323 846 1411 888 apud
1437 847 1575 879 Martial.
1604 847 1645 879 de
1674 853 1843 890 spectacc.

76 903 135 940 22,
168 898 202 931 id
229 899 271 930 ob
298 903 485 940 temporum
513 897 674 929 rationem
701 895 916 939 conjecturae
942 898 985 929 illi
1013 898 1146 929 obstare
1172 897 1237 929 dici
1255 909 1320 928 non
1348 903 1460 939 potest
1478 904 1658 940 propterea
1678 899 1768 941 quod
1787 910 1845 930 ne-

75 963 140 995 que
160 950 268 982 omnia
287 949 340 980 illa
360 950 599 993 epigrammata
616 948 800 980 Martialem
825 954 998 981 auctorem
1016 949 1151 989 habent,
1171 960 1281 991 neque
1302 948 1393 980 credi
1412 961 1549 981 necesse
1570 955 1632 989 cst,
1653 961 1753 981 unum
1772 955 1846 981 tan-

74 1009 144 1035 tum
162 1001 383 1046 gladiatorem
402 1000 575 1042 Triumphi
600 1000 731 1032 nomine
750 1011 846 1032 usum
866 1012 951 1032 esse.
972 1019 1022 1025 —-
1041 1001 1083 1032 ib.
1103 1003 1121 1041 ἓ
1142 1002 1175 1032 7.
1195 1011 1294 1043 grave
1314 1003 1363 1032 est
1381 1003 1501 1032 teneris
1520 1002 1697 1033 cervicibus
1716 1002 1845 1045 jugum]

72 1055 126 1087 Ita
144 1053 261 1096 scripsi
280 1052 379 1083 libros
401 1051 586 1083 deteriores
606 1057 755 1091 secutus,
779 1053 855 1094 quia
875 1052 968 1094 quod
988 1057 1039 1084 est
1058 1052 1089 1084 in
1108 1050 1409 1092 melioribus-ferre
1428 1063 1488 1094 pro
1508 1055 1640 1089 teneris,
1659 1064 1769 1095 neque
1787 1052 1845 1084 ha-

73 1107 132 1138 bet
151 1110 261 1148 aptam
281 1109 315 1135 et
334 1103 489 1135 usitatam
506 1104 657 1135 Senecae
673 1108 873 1135 structuram
893 1108 927 1135 et
946 1103 988 1135 ad
1007 1104 1204 1135 sententiam
1223 1114 1465 1146 supervacuum
1486 1109 1545 1137 est.
1565 1104 1596 1135 in
1621 1115 1687 1146 qua
1706 1115 1845 1140 necesse

74 1163 126 1190 est
140 1155 263 1198 aliquid
279 1155 422 1198 positum
436 1154 546 1192 fuerit,
566 1166 631 1197 quo
648 1155 897 1197 inexpertorum
912 1155 1078 1187 hominum
1094 1156 1240 1187 cervices
1256 1155 1593 1198 significarentur.--
1606 1156 1648 1187 ib.
1668 1157 1686 1196 ἓ
1707 1156 1741 1187 8.
1777 1155 1846 1187 Ad-

75 1208 142 1240 didi
167 1208 246 1239 item
273 1218 313 1238 ex
341 1206 562 1238 deterioribus
588 1206 678 1237 libris
708 1218 807 1238 voces
833 1210 892 1238 aut
915 1208 1015 1243 lactu,
1046 1218 1127 1249 quas
1156 1206 1360 1238 verisimilius
1399 1211 1449 1238 est
1483 1206 1514 1237 in
1539 1205 1729 1238 melioribus
1765 1217 1845 1238 casu

74 1260 210 1292 omissas
230 1269 329 1301 quam
348 1258 379 1289 in
398 1257 459 1289 illis
480 1269 498 1288 a
516 1256 649 1289 falsario
671 1269 745 1289 esse
766 1256 926 1300 adjectas.
984 1259 1109 1291 Contra
1135 1259 1176 1290 ib.
1203 1260 1221 1298 ἓ
1252 1259 1272 1289 9
1293 1257 1356 1301 (S)
1383 1269 1448 1289 non
1468 1258 1560 1290 nimis
1587 1257 1705 1289 durum
1733 1257 1846 1300 putavi

73 1312 104 1343 in
130 1311 184 1342 illa
203 1308 388 1342 sententiae
406 1308 514 1340 forma
533 1312 564 1340 et
582 1309 778 1352 particulam
798 1315 874 1341 ante
893 1321 994 1341 voces
1014 1313 1083 1342 m'si
1099 1310 1227 1351 aliquid
1245 1321 1263 1340 e
1283 1309 1428 1352 plurimis
1456 1315 1489 1341 et
1508 1309 1639 1351 optimis
1658 1309 1748 1340 libris
1767 1309 1845 1341 reti-

73 1373 166 1401 nere,
195 1372 293 1404 quam
322 1359 421 1403 ejecit
448 1360 513 1402 qui.
530 1360 630 1394 vellet
657 1361 841 1392 orationem
867 1361 1128 1393 commodiorem
1152 1361 1277 1393 facere.
1303 1380 1354 1384 ——
1380 1361 1420 1392 ib.
1442 1362 1460 1401 ᾗ
1484 1362 1527 1392 12
1554 1361 1642 1403 (ll)
1662 1363 1845 1402 patiamur,

74 1413 165 1457 quod
184 1418 260 1444 ante
279 1412 321 1444 F.
342 1411 512 1455 vulgatum
532 1410 603 1451 tuit,
622 1412 742 1445 retinui
761 1423 822 1455 pro
838 1415 996 1454 patimur,
1019 1413 1110 1455 quod
1132 1418 1183 1444 est
1201 1413 1232 1444 in
1253 1412 1340 1443 libris
1361 1423 1451 1452 mss.,
1471 1412 1644 1455 flagitante
1668 1412 1843 1444 sententia.

73 1484 123 1490 —
143 1461 258 1499 CAP.
284 1460 328 1503 V,
349 1461 384 1495 9.
408 1460 483 1507 (7).
503 1465 535 1494 et
554 1468 631 1495 ante
649 1465 778 1495 volnera
799 1463 912 1496 addidi
939 1476 957 1496 e
977 1464 1077 1497 codd.
1099 1476 1139 1496 ex
1165 1463 1283 1495 iisdem
1308 1463 1428 1495 deinde
1448 1464 1563 1505 scripsi
1591 1464 1649 1495 Ιιοε
1662 1474 1767 1505 passa
1787 1466 1846 1502 est,

74 1528 139 1548 non
159 1517 261 1553 leaec,·
292 1515 445 1557 suspicor
464 1520 575 1546 tamen
594 1515 729 1558 gravius
749 1515 801 1546 hic
821 1515 933 1547 vitium
952 1516 1075 1556 latere3
1111 1515 1219 1548 malim
1245 1515 1334 1546 fere:
1367 1518 1400 1546 in
1420 1515 1478 1546 hoc
1500 1518 1625 1556 parata
1651 1518 1721 1552 est‚·
1754 1519 1845 1546 certe

74 1569 158 1600 haec
177 1572 229 1599 est
247 1566 429 1598 sententia:
449 1565 512 1596 hoc
532 1570 583 1596 est
602 1565 682 1597 illud
700 1577 810 1598 rerum
830 1578 950 1609 genus,
970 1572 1163 1610 paupertas,
1182 1566 1327 1606 volnera,
1347 1566 1468 1597 acerba
1486 1564 1613 1605 funera,
1634 1565 1726 1608 quod
1744 1576 1845 1597 unum

72 1621 104 1651 in
123 1619 209 1650 hanc
227 1617 396 1649 materiam
417 1617 560 1656 (bonum
579 1616 702 1661 virum)
722 1616 846 1649 cadere
865 1618 981 1660 possit.
1001 1637 1052 1641 —
1071 1619 1112 1649 ib.
1139 1618 1159 1657 ἓ
1182 1619 1239 1649 10.
1262 1617 1324 1660 (8)
1344 1629 1413 1649 esse
1431 1622 1509 1659 post
1526 1617 1707 1648 radendum
1730 1617 1845 1648 inutile

74 1670 333 1703 additamentum
356 1668 450 1700 omisi
468 1672 604 1699 secutus
625 1667 776 1700 codicem
795 1669 833 1700 A.
859 1687 909 1693 —
935 1670 977 1701 ib.
997 1671 1015 1710 ἓ
1038 1671 1077 1701 ll
1104 1668 1180 1714 (9).
1209 1669 1329 1700 Mirum
1356 1674 1408 1701 est
1427 1673 1461 1699 et
1479 1668 1529 1699 vix
1550 1667 1726 1709 credibile,
1753 1668 1844 1710 quod

72 1722 197 1765 legitur
215 1719 305 1763 apud
325 1719 480 1752 Ovidium
498 1719 600 1763 longe
620 1720 683 1751 alia
701 1720 883 1751 sententia:
906 1721 1003 1763 finge
1022 1721 1116 1753 clatos
1134 1732 1261 1760 currus,
1294 1719 1326 1751 id
1361 1732 1379 1751 a
1399 1721 1530 1751 Seneca
1557 1720 1604 1751 sic
1630 1731 1705 1752 esse
1737 1725 1844 1751 muta-

72 1780 158 1805 tum:
171 1773 275 1816 junge
294 1771 388 1802 dolos
407 1783 540 1810 cu7·rus;
562 1776 597 1802 et
615 1783 689 1802 cum
708 1771 739 1803 in
760 1771 836 1803 cod.
852 1772 891 1803 A.
913 1783 931 1803 a
946 1783 994 1815 pr.
1011 1784 1054 1804 m.
1074 1772 1232 1815 scriptum
1251 1771 1293 1803 sit
1311 1772 1379 1809 (lat,
1399 1769 1539 1813 conjicio
1557 1772 1721 1803 Senecam
1737 1771 1845 1814 ipsum

74 1824 201 1856 omissis
223 1821 333 1855 Ovidii
351 1822 459 1854 verbis
479 1822 546 1854 tale
566 1822 700 1854 finxisse
720 1834 936 1866 responsum:
952 1824 1096 1868 jungere
1115 1824 1158 1856 da
1178 1835 1317 1862 currus„
1332 1834 1407 1854 cum
1426 1822 1569 1854 sortasse
1594 1823 1625 1853 in
1650 1827 1761 1854 mente
1786 1822 1844 1853 ha-

73 1877 170 1907 beret
187 1874 276 1914 talia,
297 1874 396 1917 quale
414 1873 495 1905 illud
515 1879 565 1905 est
584 1874 713 1918 Virgilii
732 1876 812 1906 Aen.
829 1874 888 1915 VI,
909 1875 995 1907 697.
1016 1876 1059 1907 da
1069 1876 1211 1920 jungere
1230 1875 1390 1906 dextram.
1427 1874 1597 1916 Deinceps
1618 1873 1705 1905 Solis
1724 1884 1844 1905 nomen

74 1925 198 1969 majore
217 1926 326 1958 littera
345 1925 556 1958 scribendum
574 1924 646 1957 fuit.
667 1945 714 1949 -
736 1921 851 1959 CAP.
875 1922 938 1966 Vl,
958 1925 982 1959 4
1002 1924 1076 1971 (3).
1105 1927 1252 1968 adspicis
1278 1931 1312 1957 et
1328 1925 1450 1956 videris
1476 1936 1515 1956 ex
1541 1924 1617 1956 cod.
1646 1926 1685 1956 A.
1711 1925 1844 1967 scripsi:

74 1979 249 2020 adspz'ca'tz's
269 1982 303 2008 et
321 1977 471 2010 videritis
489 1977 542 2008 vel
559 1977 678 2009 videtis
697 1978 775 2009 ficta
794 1982 871 2009 sunt
889 1978 931 2009 ob
953 1978 1110 2010 orationis
1130 1977 1374 2020 aequalitatem.
1391 1994 1442 1999 --
1458 1976 1498 2007 ih.
1518 1978 1536 2016 ᾗ
1557 1977 1578 2007 9
1600 1974 1662 2020 (8)
1682 1975 1849 2007 destinat-1·

75 2028 216 2073 praetuli
243 2028 396 2060 codicum
423 2028 607 2071 scripturae
635 2031 818 2067 aestimavi,
852 2041 938 2071 quae
964 2041 1074 2072 neque
1101 2030 1149 2061 rei
1174 2029 1253 2061 satis
1279 2027 1433 2059 convenit
1453 2032 1487 2058 et
1504 2026 1657 2058 facillime
1675 2027 1786 2070 potuit
1805 2037 1844 2058 ex

74 2092 187 2113 errore
215 2080 309 2118 oriri3
345 2080 386 2112 cf.
414 2080 492 2112 Sen.
521 2079 630 2112 Theb.
661 2081 744 2112 157.
798 2080 932 2113 Deinde
956 2093 1072 2113 vocem
1096 2084 1150 2112 υῖα
1176 2093 1194 2112 e
1220 2077 1413 2121 conjectura
1432 2077 1560 2118 addidi,
1592 2077 1684 2121 quod
1702 2077 1846 2110 suadent

74 2132 228 2164 codicum
246 2128 323 2163 mSS.
344 2132 529 2174 scripturae
546 2134 590 2168 ri,
608 2134 669 2169 vie,
688 2134 731 2164 2'71.
752 2150 801 2155 —
820 2131 858 2164 In
878 2133 943 2164 fine
962 2132 1035 2164 libri
1052 2132 1150 2176 posui
1168 2133 1306 2163 lacunae
1326 2131 1421 2173 signa
1440 2135 1619 2173 propterea
1638 2129 1730 2172 quod
1750 2128 1846 2160 deest

74 2195 150 2226 pars
170 2183 234 2223 illa,
254 2193 352 2225 quam
371 2184 502 2215 Seneca
522 2195 550 2215 c.
569 2183 602 2223 3,
628 2184 643 2215 1
666 2188 837 2226 postremo
856 2183 932 2216 loco
953 2196 989 2216 se
1008 2189 1227 2216 tractaturum
1248 2182 1392 2213 dixerat:
1413 2182 1619 2214 Persuadebo
1639 2180 1755 2212 deinde
1774 2179 1845 2220 tibi,

74 2247 113 2267 ne
130 2245 279 2276 amquam
298 2234 374 2266 boni
389 2237 456 2266 viri
470 2237 667 2267 miserearis.
687 2246 750 2266 nec
769 2234 927 2267 credibile
947 2242 1009 2277 est,
1030 2236 1060 2267 in
1080 2241 1147 2268 tam
1166 2234 1289 2277 exiguo
1310 2233 1419 2265 libello
1439 2244 1538 2265 unam
1556 2238 1684 2276 partem
1704 2242 1845 2273 eamque

75 2286 267 2330 promissam
289 2285 453 2318 oblivione
474 2286 579 2318 omitti
597 2287 758 2329 potuisse.

1445 2337 1460 2367 1
1479 2333 1491 2347 *
