1981 2594
977 101 1022 143 11

116 213 312 246 sententiam
331 212 507 244 voluerunt
525 211 565 242 ab
585 210 665 242 illis:
694 211 751 242 Ira
772 213 820 242 est
838 212 1011 241 concilalio
1031 212 1213 241 am'me'——.
1241 209 1320 252 Ego
1339 214 1466 241 mutata
1484 209 1750 253 interpunctione
1770 212 1877 251 effeci,

117 271 154 299 ut
171 266 229 298 sed
246 264 326 297 illud
345 275 441 296 nemo
462 258 826 296 desideret.—-CAP.
843 258 909 297 VI,
927 259 947 293 2
966 258 1036 305 (3).
1056 261 1199 304 Legitur
1217 261 1335 304 vulgo:
1356 264 1461 304 Aiqm'
1477 263 1670 294 iracundiae
1688 265 1721 294 el
1738 266 1878 295 Ira'sse'tz‘a

115 330 218 350 comes
236 320 305 356 est;
324 316 383 348 sed
402 319 434 347 et
451 315 644 359 particulam
663 326 779 358 parum
797 314 883 345 illam
902 313 977 344 huic
996 313 1071 344 loco
1092 319 1200 356 aptum
1220 312 1348 356 vulgari
1368 325 1481 346 errore
1506 319 1615 346 natam
1635 326 1708 346 esse
1736 316 1879 348 conflata

115 371 148 402 in
175 381 276 402 unum
301 367 521 400 antecedente
546 373 580 399 et
607 373 768 410 sequente
787 366 906 405 littera,
926 370 1109 396 monstrant
1128 365 1242 408 optimi
1261 364 1374 405 codd,
1408 366 1439 397 in
1460 365 1577 408 quibus
1599 372 1665 399 est:
1703 369 1878 400 iracundia

116 425 149 454 et
165 423 314 453 tristitia.
368 420 447 452 Pari
479 419 579 451 modo
608 419 670 450 alio
698 419 772 450 loco
799 417 888 450 Dial.
908 417 969 453 ΙΧ,
996 429 1024 448 e.
1049 418 1081 457 l,
1112 418 1153 448 11
1177 416 1239 461 (S)
1260 428 1373 448 rursus
1392 418 1424 448 in
1444 417 1519 449 cod.
1540 420 1578 450 A.
1606 419 1731 463 legitur
1748 431 1827 452 cura
1847 423 1878 452 et

115 474 350 515 tranquillitas,
376 472 432 504 ubi
456 471 672 504 certissimum
701 476 751 502 cst
776 475 867 502 recte
893 469 990 501 scribi
1017 481 1114 500 curae
1140 471 1247 511 tranq.
1301 469 1386 500 Item
1410 469 1497 501 Dial.
1517 470 1597 510 XII,
1631 482 1659 503 c.
1688 472 1721 511 9,
1742 472 1775 512 3,
1803 484 1877 504 cum

114 529 207 557 recte
227 530 325 556 antea
343 525 529 568 legeretur:
550 535 610 555 nae
629 526 663 554 lu
673 523 793 565 pusilli
809 524 914 553 am'mi
928 534 961 553 es
980 533 1045 553 non
1065 526 1157 553 recte
1172 520 1213 552 F.
1235 532 1275 552 ex
1295 520 1371 552 cod.
1386 522 1424 552 A.
1447 527 1479 553 ct
1500 521 1567 553 aliis
1588 523 1725 566 arripuit
1742 535 1876 566 pravam

115 577 311 620 scripturam
331 576 450 608 eodem
469 587 583 607 errore
603 580 725 606 ortam:
745 586 806 606 nae
825 577 857 606 el
875 577 920 605 Ιιι.
952 593 1003 597 -—
1036 574 1084 605 [b.
1104 573 1123 612 ὃ
1145 574 1165 604 4
1187 575 1270 604 enim
1289 573 1482 616 particulam
1510 572 1704 616 ejiciendam
1723 575 1875 616 arbitror,

117 640 204 671 quae
223 640 421 671 quamquam
447 633 497 659 est
522 628 553 658 in
579 626 654 658 cod.
682 628 720 667 A,
753 638 817 658 non
842 632 951 658 tamen
971 625 1115 669 genuina
1141 624 1281 665 sidetur,
1308 625 1430 668 quippe
1451 624 1544 668 cujus
1563 626 1638 658 loco
1658 627 1690 658 in
1710 633 1787 672 octo
1808 628 1876 659 aliis

116 680 248 724 legatur
275 682 392 723 inquil,
419 679 450 711 in
475 690 541 710 uno
567 679 717 721 quadem,-
744 677 834 721 quod
855 684 966 710 autem
985 677 1155 721 vulgatum
1175 682 1246 708 erat
1265 682 1341 708 ante
1360 677 1400 708 F.
1422 681 1561 719 inquam,
1581 678 1613 709 id
1641 690 1706 710 non
1731 680 1837 712 solum
1857 692 1877 712 a

115 732 204 764 libris
220 731 318 763 fidem
333 731 454 763 nullam
468 731 567 762 habet
586 730 646 762 sed
667 731 763 763 etiam
782 730 892 774 legem
910 730 995 761 illam
1011 729 1123 769 laedit,
1145 741 1242 771 quam
1258 741 1276 760 a
1292 730 1422 761 Seneca
1440 729 1471 761 in
1487 729 1549 761 hoc
1565 730 1666 762 verbo
1683 732 1874 775 usurpando

117 784 284 816 observari
302 795 402 827 supra
422 782 498 815 dixi.
519 802 570 806 —
589 778 702 816 CAP.
722 779 805 822 Vll,
829 781 856 814 l.
873 782 949 824 (VI.
968 781 1021 825 5.)
1052 780 1251 813 Tollendum
1267 779 1383 823 judico
1405 782 1550 813 Socratis
1571 793 1702 823 nomen,
1723 783 1813 826 quod
1833 784 1873 815 ab

115 836 295 879 interprete
320 833 488 878 adjectum
514 846 587 867 esse
613 834 820 866 manifestum
847 840 911 871 est;
946 845 1054 876 neque
1081 834 1164 865 enim
1191 833 1274 864 illius
1303 833 1487 876 exemplum
1513 840 1790 867 commemoratur
1813 836 1875 868 sed

116 887 194 931 quid
214 888 301 919 omni
319 894 470 931 tempore
488 887 521 919 in
541 899 669 918 omnem
689 887 871 930 sapientem
890 885 988 917 cadat
1008 886 1194 929 exponitur.
1220 905 1270 909 ›—
1298 881 1412 919 CAP.
1433 882 1537 924 Vlll,
1558 883 1579 917 '2
1601 885 1674 931 (l).
1703 888 1789 920 malli
1809 891 1879 920 m'sz‘

115 952 156 972 etz·
182 940 318 971 allerias
343 940 467 983 injuria
491 942 644 981 quaestus
670 940 731 979 est]
760 939 827 970 Pro
854 938 978 982 injuria
1005 937 1128 981 legitur
1154 937 1253 980 vulgo
1274 937 1400 974 damno,
1433 937 1523 980 quod
1551 949 1590 969 ex
1609 949 1675 970 uno
1694 940 1722 970 A
1741 941 1874 981 mutavi,

116 991 191 1034 quia
211 990 301 1034 quod
320 990 469 1023 librarius
489 991 604 1033 aliquis
623 990 711 1023 serre
730 991 834 1022 noluit
853 990 1049 1022 vocabulum
1067 990 1164 1021 latius
1184 995 1318 1032 patente
1338 989 1472 1021 notione
1492 990 1634 1032 positum
1654 1001 1751 1033 quam
1771 1004 1874 1035 quae-

115 1049 185 1075 stus
205 1054 324 1074 nomen
345 1042 568 1083 desiderabat,
603 1043 637 1075 id
655 1042 731 1074 mihi
759 1054 823 1074 non
849 1042 980 1074 ridetur
998 1041 1309 1085 reprehendendum
1330 1054 1414 1074 esse.
1470 1041 1602 1073 Deinde
1622 1044 1772 1086 arzajorern
1798 1056 1874 1087 gra-

114 1098 233 1127 vantur
259 1095 374 1138 scripsi
399 1107 458 1138 pro
485 1097 603 1138 majore
630 1096 706 1127 item
733 1106 773 1126 cx
799 1094 875 1126 cod.
897 1097 934 1126 A.
961 1106 1026 1126 non
1053 1095 1200 1125 offensus
1226 1100 1392 1125 structura
1411 1093 1475 1133 illa,
1505 1105 1601 1136 quam
1622 1094 1722 1127 habet
1741 1096 1873 1128 Seneca

116 1147 215 1180 etiam
234 1147 326 1186 alibi;
347 1146 411 1178 vid.
434 1146 475 1178 de
496 1147 599 1178 Clem.
620 1147 647 1185 I,
678 1147 735 1186 13,
766 1148 796 1178 1.
819 1147 913 1190 epist.
936 1148 994 1182 221,
1016 1147 1074 1178 243.
1102 1165 1153 1169 —
1172 1147 1218 1178 lb.
1240 1146 1257 1185 ἓ
1280 1147 1313 1177 3.
1343 1147 1400 1177 Ιιο(1
1420 1149 1525 1177 aulem
1545 1149 1617 1187 mm]
1637 1149 1753 1180 Aulam
1773 1149 1875 1191 parti-

115 1199 221 1231 culam
241 1210 281 1230 ex
300 1199 376 1231 cod.
396 1200 434 1232 A.
455 1198 600 1241 adjicere
618 1198 754 1242 placuit,
789 1210 875 1241 quae
900 1199 930 1229 in
950 1204 1016 1229 tam
1042 1198 1228 1241 propinqua
1246 1198 1410 1229 hominum
1437 1210 1510 1229 cum
1530 1198 1606 1230 feris
1626 1201 1874 1242 comparatione

115 1250 281 1294 aptissima
300 1256 367 1290 est3
387 1256 484 1282 antea
503 1251 588 1282 enim
603 1251 809 1282 conversatio
829 1256 955 1282 tantum
971 1250 1137 1282 hominum
1156 1262 1230 1282 cum
1250 1256 1413 1282 conventu
1434 1249 1576 1282 serarum
1596 1259 1785 1293 comparata
1805 1259 1873 1292 est;

115 1302 149 1334 id
168 1307 278 1334 autem
296 1308 388 1334 recte
408 1303 479 1334 fieri
499 1303 666 1346 colligitur
685 1302 805 1334 deinde
826 1315 866 1334 ex
886 1314 939 1342 eo,
960 1302 1051 1345 quod
1070 1303 1140 1345 ipse
1156 1314 1292 1345 quoque
1311 1303 1434 1333 animus
1449 1302 1614 1334 hominum
1631 1303 1754 1345 pariter
1773 1310 1874 1347 atque

116 1355 214 1386 etiam
228 1354 332 1386 minus
347 1355 582 1386 immansuetus
598 1356 640 1387 sit
654 1366 751 1397 quam
766 1361 931 1386 mutorum
947 1348 1145 1393 animalium3
1164 1354 1246 1386 haec
1262 1354 1363 1398 igitur
1382 1360 1418 1385 ut
1436 1360 1528 1386 recte
1545 1354 1783 1394 discernantur,
1802 1357 1872 1400 ipse

116 1407 247 1439 Seneca
265 1407 427 1449 particula
445 1406 558 1438 addita
578 1406 707 1438 videtur
725 1407 947 1450 prospexisse.
981 1426 1031 1430 ——
1067 1402 1181 1440 CAP.
1202 1402 1270 1446 IX,
1291 1405 1315 1438 4
1335 1404 1408 1450 (l).
1439 1407 1477 1438 Iu
1498 1408 1777 1449 praepositionem
1797 1414 1874 1440 ante

109 1458 271 1500 praedam
290 1459 444 1501 quoniam
462 1459 570 1490 omisit
587 1460 614 1490 A
634 1458 742 1490 codex
763 1471 836 1490 cum
856 1465 999 1501 quatuor
1017 1459 1085 1490 aliis
1107 1464 1140 1490 et
1158 1471 1232 1490 cum
1253 1459 1389 1491 vetustis
1410 1458 1501 1497 edd„
1536 1470 1601 1503 ego
1631 1471 1766 1503 quoque
1793 1459 1874 1503 abji-

116 1509 265 1542 ciendam
289 1511 406 1550 statui;
438 1516 530 1542 recte
556 1511 641 1542 enim
667 1511 764 1543 etiam
791 1512 860 1543 sine
879 1511 931 1542 illa
960 1511 1162 1543 constructio
1183 1516 1324 1542 constat.
1361 1530 1411 1535 —
1447 1506 1561 1544 CAP.
1583 1507 1631 1547 X,
1659 1509 1694 1544 ¹2.
1715 1512 1796 1557 (IX,
1818 1512 1872 1557 3.)

114 1563 262 1594 Auctore
279 1564 307 1594 A
327 1562 444 1594 codice
464 1561 547 1605 ejeci
567 1562 717 1605 putidum
737 1562 997 1595 additamentum
1021 1563 1105 1606 quod
1129 1563 1322 1606 particulam
1349 1568 1424 1594 ante
1445 1574 1562 1595 voces:
1589 1567 1768 1605 peccaturi
1787 1568 1873 1597 snut.

114 1633 164 1638 —
182 1613 232 1646 Ib.
261 1614 279 1654 ἓ
308 1615 328 1646 3
357 1614 439 1658 (IX,
459 1614 514 1659 4).
544 1616 649 1647 altera
674 1616 800 1656 alteris]
826 1615 863 1646 In
885 1615 1013 1658 optimis
1033 1615 1121 1647 libris
1141 1627 1216 1646 mss.
1245 1620 1277 1646 et
1303 1615 1332 1645 in
1354 1614 1431 1646 edd.
1454 1616 1590 1647 vetustis
1610 1627 1674 1647 non
1695 1621 1787 1648 recte
1805 1617 1874 1661 legi

115 1667 221 1698 altera
240 1668 341 1698 alleri
356 1678 598 1709 supervacuum
625 1673 676 1699 est
695 1666 922 1699 demonstrare
950 1678 1011 1699 nec
1037 1667 1138 1699 credo
1166 1667 1323 1698 Fickerto
1343 1666 1376 1698 id
1395 1667 1560 1710 placuisse
1580 1679 1777 1712 quamquam
1795 1670 1874 1701 reti-

115 1717 204 1756 nuit;
224 1729 286 1750 nec
304 1718 406 1750 multo
426 1718 540 1750 melius
560 1719 660 1763 vulgo
681 1719 858 1763 legebatur
876 1720 959 1751 aller
978 1720 1095 1757 aller-2&
1128 1731 1193 1763 ego
1220 1731 1284 1750 una
1304 1718 1418 1750 addita
1440 1719 1548 1751 littera
1574 1719 1690 1752 videor
1716 1720 1792 1752 mihi
1812 1722 1873 1753 Se-

115 1781 220 1801 necae
239 1781 368 1801 manum
386 1770 582 1803 restituisse.
598 1790 646 1794 —-
663 1767 777 1805 CAP.
795 1767 862 1811 XI,
883 1768 903 1803 '2
926 1768 1002 1815 (3).
1021 1784 1079 1803 uec
1097 1772 1179 1812 [hoc]
1198 1774 1345 1813 sapienti
1359 1772 1452 1802 adice*
1467 1772 1570 1812 velim]
1590 1771 1636 1803 sic
1654 1772 1726 1804 libri
1747 1774 1871 1816 optimi,

115 1821 175 1853 nisi
195 1821 286 1864 quod
304 1834 344 1853 ne
362 1821 494 1862 habent,
516 1822 607 1865 quod
621 1823 662 1855 F.
679 1824 794 1863 tenuit,
815 1835 880 1867 ego
900 1822 978 1855 ferri
997 1835 1096 1867 posse
1116 1835 1221 1867 nego3
1242 1824 1299 1854 hoc
1314 1834 1496 1866 pronomen
1516 1823 1591 1866 quia
1612 1829 1645 1855 et
1663 1824 1734 1857 sine
1753 1824 1872 1857 damno

116 1873 234 1905 abesse
260 1879 372 1916 potest
399 1879 433 1905 et
459 1875 620 1918 originem
648 1874 789 1907 fortasse
813 1875 915 1907 habet
939 1875 978 1906 ab
1005 1875 1059 1907 illa
1084 1876 1154 1919 ipsa
1181 1888 1197 1907 c
1222 1875 1330 1907 littera
1356 1887 1374 1906 a
1393 1887 1432 1907 ne
1450 1887 1533 1907 voce
1553 1875 1674 1916 avulsa,
1695 1876 1873 1909 delendum

116 1926 303 1968 suspicatus
322 1937 394 1957 sum
414 1938 476 1958 nec
494 1932 604 1958 tamen
621 1938 808 1972 repugnem
827 1928 853 1959 si
873 1928 945 1970 quis
971 1928 1057 1959 tueri
1083 1927 1171 1960 velit.
1226 1926 1360 1959 Deinde
1385 1928 1501 1970 ecquid
1525 1927 1653 1971 scripsi,
1688 1929 1765 1972 quia
1790 1929 1821 1961 in
1847 1930 1875 1961 A

117 1975 194 2008 cod.
213 1988 313 2021 supra
332 1978 411 2020 quid
429 1979 586 2022 scriptum
606 1985 656 2011 est
681 1983 734 2018 et;
759 1980 806 2011 sic
825 1985 935 2012 autem
961 1980 1047 2012 solet
1065 1980 1181 2022 ecquid
1204 1979 1387 2022 corrumpi;
1415 1985 1563 2011 ceterum
1592 1980 1618 2012 si
1651 1992 1717 2012 non
1741 1981 1874 2025 legatur

116 2029 241 2070 ecquid,
260 2030 311 2061 vix
326 2030 457 2073 placeat
472 2030 596 2062 nudum
610 2032 713 2074 quid?
732 2032 946 2074 sequentibus
966 2033 1202 2075 praepositum,
1221 2031 1281 2063 sed
1301 2037 1476 2074 exspectes
1492 2032 1571 2074 qnid
1588 2034 1670 2064 em'm
1682 2034 1698 2064 ?
1717 2033 1874 2075 Denique

117 2080 217 2122 paulo
236 2086 313 2123 post
329 2082 451 2114 nullam
477 2082 573 2115 video
601 2095 744 2124 causam,
778 2095 837 2115 cur
856 2095 929 2115 cum
948 2084 989 2116 F.
1011 2090 1127 2116 contra
1146 2095 1259 2115 omnes
1286 2083 1387 2115 libros
1406 2087 1442 2115 ut
1459 2087 1571 2116 contra
1591 2084 1801 2116 scribendum
1820 2085 1873 2125 sit,

118 2143 183 2163 non
203 2138 314 2164 autern
331 2137 366 2165 at
384 2137 509 2174 contra,
529 2146 612 2178 quas
631 2135 808 2179 particulas
825 2137 954 2168 Seneca
968 2137 1158 2180 saepissime
1177 2133 1367 2179 conjungit;
1386 2147 1448 2168 nec
1464 2136 1540 2179 quia
1553 2138 1601 2168 sic
1615 2137 1776 2180 sequitur,
1798 2136 1874 2168 ideo

117 2187 153 2215 ut
168 2183 368 2217 antecedere
383 2198 521 2219 necesse
537 2193 647 2220 est.—-
665 2188 712 2221 [ὁ.
729 2187 779 2227 §4
797 2186 894 2232 (XII,
915 2187 966 2232 l).
983 2189 1134 2231 Reposui
1152 2187 1317 2231 vulgatam
1331 2188 1527 2231 scripturam
1541 2200 1663 2220 morsus
1678 2189 1876 2221 auctoritate

118 2235 243 2268 codicis
257 2238 285 2268 A
301 2237 460 2270 firmatam
479 2245 512 2271 et
530 2240 667 2272 aliorum
687 2239 918 2283 plurimorum;
938 2252 1021 2272 mors
1039 2253 1104 2272 11011
1120 2245 1232 2283 potest
1250 2251 1325 2271 cum
1343 2239 1384 2272 F.
1404 2241 1450 2272 ita
1468 2241 1553 2272 inter
1567 2252 1620 2272 res
1636 2241 1877 2285 contemptissi-

119 2298 186 2319 mas
202 2289 376 2322 numerari.
393 2289 454 2323 vid.
472 2302 525 2334 ep.
543 2293 602 2333 8⁶2,
622 2293 679 2325 16.
696 2311 746 2316 -—
761 2292 807 2325 Ib.
824 2294 872 2336 §5
889 2292 982 2334 (XII,
1000 2292 1054 2337 ⁶2).
1071 2294 1184 2336 pinnis
1198 2292 1325 2335 scripsi,
1342 2304 1540 2336 quamquam
1554 2292 1654 2324 habet
1668 2293 1695 2325 A
1714 2305 1788 2326 cum
1807 2292 1876 2325 aliis

1483 2346 1525 2367 ς),
