1981 2594
913 96 965 138 27

144 200 396 233 ROBERTUS
427 201 695 235 GUILELMUS
728 203 926 243 BUNSEN,
962 203 1021 237 Dr.
1046 204 1084 237 P.
1099 204 1139 236 P.
1155 206 1196 238 Ο.
1257 206 1550 240 Privatissime
1576 213 1617 242 et
1641 211 1776 253 gratis
1801 212 1827 245 Ι.

37 251 310 285 Exercitationes
333 253 632 286 stoecluometricas
658 254 803 287 instituet
827 255 929 287 semel
954 267 1013 299 per
1037 256 1135 289 hebd.
1189 257 1396 291 Privatim
1422 259 1466 292 ΙΙ.
1512 260 1680 294 ΟΙιεηῑτάηι
1697 265 1828 306 experi-

38 305 208 336 mentalem
229 304 361 337 docebit
380 305 484 337 sexies
503 317 563 349 per
582 305 679 338 hebd.
700 306 730 339 h.
752 317 828 340 v111.
881 308 1176 341 Privatissime
1194 309 1256 342 111.
1288 310 1559 344 Exercitationes
1577 313 1740 347 chemicas
1757 326 1828 347 mo-

40 355 149 388 derari
169 361 287 401 perget
306 362 422 400 quater
440 369 500 400 per
518 357 614 390 hebd.
635 357 665 391 h.
686 369 716 390 x.

142 416 389 449 ERNESTUS
415 417 666 451 EDUARDUS
690 419 902 459 KUMMER,
929 419 989 452 Dr.
1013 420 1052 452 P.
1076 420 1116 452 P.
1144 421 1184 452 O.
1238 421 1413 454 Publice
1438 423 1463 456 Ι.
1497 424 1550 457 De
1577 427 1827 467 aequationibus

38 468 158 500 circuli
178 471 337 501 sectiones
364 469 599 512 definientibus
625 470 764 502 disseret
791 471 876 503 dieb.
905 471 991 503 Lun.
1018 479 1050 504 et
1069 472 1138 503 Iov.
1159 472 1189 504 h.
1210 483 1240 504 x.
1294 473 1499 507 Privatim
1519 476 1562 508 ΙΙ.
1592 477 1827 511 IlIechanicam

37 520 255 552 sublimiorem
274 520 383 553 tradet
402 521 488 553 dieb.
508 522 605 554 Mart.
626 527 659 554 et
676 523 756 555 Ven.
782 522 812 555 11.
832 535 862 556 x.
916 524 977 557 111.
1006 524 1282 556 Introductionem
1307 527 1341 557 in
1368 527 1521 570 analysin
1541 528 1747 572 infinitorum
1767 530 1826 563 do-

39 571 126 604 cebit
143 571 230 604 dieb.
251 572 336 605 Lun.
357 572 454 605 Mart.
474 573 542 606 Iov.
562 574 642 606 Ven.
661 574 692 608 h.
713 585 760 607 lx.

141 632 383 666 HENRICUS
411 633 698 666 FRIDERICUS
725 635 886 675 HAASE,
914 635 974 667 Dr.
993 635 1032 667 P.
1051 635 1090 668 P.
1111 636 1152 668 O.
1191 635 1366 669 Publice
1386 638 1411 670 Ι.
1447 639 1619 672 seminarii
1633 640 1829 685 philologici

37 686 292 716 exercitationes
316 690 414 728 reget
440 685 470 717 d.
495 685 580 717 Lun.
606 686 638 718 11.
659 697 689 717 x.
714 686 744 718 d.
764 686 834 718 Iov.
860 686 890 719 h.
910 698 956 719 lx.
1019 687 1227 719 Privatim
1261 688 1302 720 II.
1344 691 1588 733 Antiquitatum
1619 692 1826 726 Graecarum

31 739 164 779 partem
183 739 329 779 priorem
355 737 521 769 enarrabit
540 737 625 769 dieb.
644 737 729 770 Lun.
750 738 845 770 Mart.
865 739 967 771 Merc.
989 739 1066 771 Ven.
1086 738 1117 771 h.
1137 750 1182 772 lx.
1238 739 1300 772 III.
1330 741 1446 773 Taciti
1459 744 1640 776 Annalium
1658 745 1775 777 librum
1795 746 1825 778 I.

38 787 212 831 explicabit
225 787 407 831 praefatus
426 789 467 820 de
486 792 632 821 auctoris
652 792 720 822 rita
739 793 771 822 et
790 792 919 833 ingenio
939 790 1024 823 dieb.
1045 791 1143 823 Mart.
1163 791 1266 823 Merc.
1286 791 1354 825 Iov.
1375 794 1453 826 Ven.
1473 793 1503 827 h.
1524 799 1553 827 X.

140 849 346 881 IOANNES
373 849 640 882 LUDOVICUS
666 849 961 891 TELLKAMPF,
987 850 1052 883 Dr.
1077 851 1117 883 P.
1143 851 1182 884 P.
1203 851 1244 884 0.
1298 851 1474 886 Publice
1494 855 1519 886 Ι.
1555 856 1765 898 Repetitoria
1784 856 1825 889 de

36 903 219 933 oeconomia
233 902 374 943 politica
395 912 487 933 more
507 907 664 934 consueto
685 902 839 934 instituet.
893 903 1097 935 Privatim
1116 903 1161 935 ΙΙ.
1201 904 1426 937 Oecononziam
1444 907 1642 939 nationalem
1660 913 1825 951 proponet

36 952 206 996 quinquies
230 964 291 996 per
314 952 412 985 hebd.
437 952 467 985 h.
494 965 540 986 lv.
594 953 656 986 III.
685 955 864 986 Scientiam
883 966 1002 993 eorum,
1027 966 1111 997 quae
1129 955 1175 986 ad
1192 955 1390 998 disciplinae
1409 969 1447 990 ao
1465 961 1656 991 securilatis
1668 960 1824 1002 publicae

36 1016 149 1037 curam
176 1007 350 1047 pertinent
379 1005 806 1049 (Polizrei-Wissensclzast)
848 1009 881 1038 et
917 1007 1100 1039 doctrinam
1132 1006 1172 1038 de
1203 1007 1364 1040 reditibus
1400 1012 1432 1041 et
1466 1011 1648 1053 sumptibus
1678 1011 1824 1054 publicis

37 1056 473 1101 (Finanz-Wissenscleqft)
492 1057 625 1090 docebit
644 1057 814 1101 quinquies
833 1069 894 1101 per
912 1058 1008 1090 hebd.
1029 1058 1059 1091 h.
1080 1070 1108 1091 v.

140 1117 396 1150 MAURITIUS
430 1117 697 1151 LUDOVICUS
724 1118 1087 1159 FRANKENHEIM,
1119 1119 1179 1151 Dr.
1212 1120 1252 1152 P.
1285 1119 1324 1152 P.
1354 1120 1393 1152 O.
1453 1120 1525 1153 Pri
1538 1122 1754 1155 vatissime
1782 1127 1823 1155 et

35 1169 171 1213 gratis
198 1170 224 1202 I.
263 1170 534 1202 Exercitationes
556 1171 716 1213 physicas
742 1170 905 1203 moderari
926 1176 1045 1215 perget
1064 1171 1094 1203 d.
1115 1172 1182 1203 Sat.
1202 1170 1232 1204 h.
1252 1182 1298 1204 m.
1319 1177 1350 1204 et
1370 1183 1430 1204 ΧΠ.
1486 1173 1661 1206 Publice
1686 1173 1731 1207 Π.
1767 1174 1823 1208 De

35 1222 143 1253 calore
162 1221 301 1253 disseret
320 1221 404 1254 dieb.
424 1222 521 1254 Mart.
541 1228 574 1254 et
592 1223 672 1255 Ven.
693 1222 723 1255 h.
742 1222 806 1255 III.
860 1223 1062 1255 Privatim
1086 1223 1147 1255 111.
1183 1223 1346 1266 Pleysicen
1374 1224 1506 1257 docebit
1531 1230 1564 1257 et
1587 1228 1822 1268 experimentis

33 1272 207 1306 illustrabit
225 1273 395 1317 quinquies
415 1285 475 1317 per
493 1273 589 1306 hebd.
609 1274 639 1306 11.
659 1285 722 1306 xn.

140 1333 386 1366 AUGUSTUS
413 1334 652 1374 KAHLERT,
678 1334 738 1366 Dr.
758 1334 796 1365 P.
816 1334 854 1366 P.
874 1334 913 1366 Ε.
930 1333 998 1366 des,
1040 1334 1225 1377 >Publice
1250 1335 1275 1367 I.
1309 1336 1361 1368 De
1387 1338 1440 1375 iis,
1465 1339 1525 1379 qui
1539 1339 1685 1370 nomine:
1710 1337 1822 1370 Scltle-

34 1385 142 1418 sisclze
161 1385 414 1418 Dicleterscleule
432 1386 627 1429 significari
642 1387 755 1424 solent,
769 1388 878 1428 poetis
894 1387 1102 1418 Germanicis
1118 1386 1256 1419 disseret
1272 1387 1371 1419 semel
1387 1399 1446 1431 per
1463 1388 1561 1420 hebd.
1580 1389 1611 1421 h.
1630 1399 1693 1422 ΧΠ.
1725 1389 1755 1421 Ρ
1766 1389 1820 1422 ri-

35 1438 158 1469 vatim
176 1437 221 1469 II.
249 1438 499 1480 Psycleologiam
518 1438 627 1470 tradet
645 1444 696 1470 ter
715 1449 774 1481 per
793 1437 889 1469 hebd.
909 1438 939 1470 h.
961 1449 1022 1470 ΧΠ.

140 1497 412 1530 RICHARDUS
440 1498 676 1538 ROEPELL,
703 1498 763 1530 Dr.
783 1498 821 1531 P.
841 1498 880 1532 P.
902 1499 940 1530 Ε.
961 1498 1028 1530 des.
1082 1498 1262 1531 Publice
1288 1499 1313 1531 I.
1350 1500 1620 1532 Exercitationes
1644 1500 1822 1533 historicas

33 1549 190 1582 instituet.
246 1549 443 1582 Privatim
463 1549 509 1582 11.
539 1551 729 1582 Historiam
744 1551 1035 1593 Francogallorum
1054 1551 1131 1583 inde
1149 1551 1190 1582 ab
1210 1563 1294 1583 anno
1317 1552 1424 1584 1814.
1452 1551 1626 1595 explicabit
1649 1552 1819 1596 quinquies

33 1612 94 1644 per
111 1601 208 1635 hebd.

140 1653 515 1685 GODESCHALCUS
552 1653 802 1685 EDUARDUS
837 1653 1112 1693 GUHRAUER,
1153 1653 1213 1686 Dr.
1241 1654 1280 1686 P.
1312 1654 1350 1686 P.
1381 1654 1421 1686 E.
1483 1654 1658 1687 Publice
1694 1655 1721 1687 Ι.
1765 1655 1820 1688 De
1838 1649 1847 1659 ⁰

34 1705 235 1736 carminibus
253 1707 357 1747 epicis
370 1707 566 1747 praecipuis
585 1708 661 1736 ante
681 1705 849 1737 Christum
869 1717 912 1745 n,
931 1705 1032 1737 semel
1052 1705 1190 1737 disseret
1209 1717 1268 1749 per
1287 1705 1382 1738 hebd.
1402 1705 1431 1738 11.
1452 1717 1513 1738 xn.
1551 1705 1754 1739 Privatim
1771 1707 1817 1740 H.

33 1756 210 1788 Historiae
228 1757 392 1798 generalis
406 1756 517 1798 poe'sis
536 1759 568 1788 et
585 1757 819 1797 elegantiarum
839 1759 1024 1788 litterarum
1035 1760 1166 1800 partem
1177 1761 1321 1799 priorem
1336 1757 1444 1789 tradet
1459 1763 1509 1789 ter
1523 1769 1583 1801 per
1596 1757 1692 1791 hebd.
1707 1758 1739 1790 h.
1755 1769 1818 1791 ΧΠ.

139 1808 383 1840 AUGUSTUS
412 1808 769 1849 SCHMOELDERS,
799 1808 858 1840 Dr.
878 1809 916 1841 P.
936 1809 975 1841 P.
1001 1810 1040 1841 E.
1068 1809 1137 1842 des.
1190 1809 1364 1841 Publice
1383 1809 1409 1841 I.
1454 1809 1621 1851 Linguam
1637 1809 1817 1842 Arabicam

35 1859 157 1892 docere
181 1865 301 1903 perget
327 1859 412 1892 dieb.
437 1859 522 1892 Lun.
549 1866 581 1892 et
607 1860 675 1892 Iov.
691 1860 733 1898 h·
755 1872 783 1892 x.
837 1861 881 1892 II.
911 1861 1126 1893 Amlitoribus
1149 1864 1253 1903 magis
1272 1863 1464 1892 exercitatis
1483 1859 1684 1903 dcsficihbra
1703 1864 1818 1904 capita

31 1912 180 1944 Arabica
199 1918 362 1955 proponet
381 1912 624 1955 interpretanda
645 1912 691 1943 bis
711 1923 770 1955 per
788 1912 885 1944 hebd.
904 1912 934 1945 h.
956 1912 1018 1945 def.
1068 1913 1130 1945 111.
1159 1914 1387 1945 Institutiones
1406 1914 1599 1945 Sanscritas
1618 1913 1819 1946 continuabit

34 1963 119 1995 dieb.
139 1963 241 1995 Merc.
262 1969 294 1995 et
313 1964 380 1995 Sat.
402 1963 432 1995 h.
453 1975 482 1995 x.

137 2014 422 2047 FRIDERICUS
453 2014 719 2047 GUILELMUS
748 2016 962 2054 WAGNJBR,
990 2016 1048 2048 Dr.
1068 2016 1106 2048 P.
1127 2016 1164 2048 P.
1184 2016 1222 2047 Ε,
1286 2014 1461 2047 Publice
1488 2015 1514 2048 Ι.
1546 2016 1818 2048 Exercitationes

32 2066 136 2099 latine
154 2067 308 2108 loquendi
323 2079 363 2098 ac
381 2067 549 2099 scribendi
564 2067 709 2098 instituet
728 2067 811 2099 dieb.
832 2067 934 2099 Merc.
962 2074 994 2099 et
1014 2068 1083 2100 Sat.
1112 2067 1142 2099 h.
1164 2079 1191 2099 x.
1246 2067 1448 2098 Privatim
1474 2067 1518 2100 Π.
1558 2068 1611 2100 De
1635 2068 1815 2111 Euripidis

31 2119 101 2150 vita
121 2130 161 2150 ac
174 2118 272 2160 poe'si
283 2118 463 2160 praefatus
483 2119 700 2161 Hippolytum
719 2119 986 2162 interpretabitur
1006 2119 1089 2151 dieb.
1108 2119 1194 2151 Lun.
1216 2119 1312 2150 Mart.
1333 2119 1402 2150 Iov.
1421 2119 1501 2150 Ven.
1520 2118 1551 2151 11.
1571 2131 1600 2152 x.

138 2170 389 2202 ADOLPHUS
415 2170 618 2210 DUFLOS‚
645 2170 703 2202 Dr.
723 2170 761 2202 P.
782 2171 819 2203 P.
839 2171 878 2203 Ε.
899 2171 966 2204 des.
1021 2171 1196 2203 Publice
1219 2171 1244 2203 l.
1281 2170 1435 2202 Cleemiae
1453 2172 1642 2214 analyticae
1659 2171 1816 2203 elementa

31 2221 140 2254 tradet
158 2222 206 2253 bis
226 2233 285 2265 per
304 2221 400 2253 hebd.
423 2222 452 2254 h.
475 2233 534 2254 vn.
555 2228 630 2254 inat.
692 2222 895 2254 Privatim
921 2223 964 2254 11.
1011 2224 1177 2256 Clzemiam
1192 2223 1501 2265 pharmaceuticum
1520 2222 1653 2255 docebit
1671 2221 1818 2266 quotidie

30 2271 65 2304 h.
84 2283 129 2306 VJ.
149 2279 225 2307 mat.
