1981 2594
0 236 6 308 ᾗ

0 304 6 362 ³.

914 141 967 185 25

48 251 217 294 siologiam
235 251 373 282 hominis
392 249 524 281 docebit
542 249 688 292 quotidie
707 248 737 282 11.
757 260 803 282 XI.
855 249 907 281 P·
915 249 1146 282 ivatissime
1166 251 1227 283 ΙΙΙ.
1254 252 1525 284 Evereitateones
1538 253 1586 295 ph
1577 254 1784 297 zquzologzcas
1801 259 1835 287 el

49 303 278 345 indagationes
296 303 544 343 mi‘croscopzcas
563 313 596 332 m
616 303 766 333 instituto
779 301 1004 344 physiologzco
1023 302 1246 334 insumendas
1271 303 1495 336 mode1abitur
1513 304 1660 348 quotidie
1678 305 1747 338 hor.
1768 305 1834 340 def.

151 353 400 393 FRERICHS,
419 352 479 386 Dr.
499 353 537 385 P.
553 352 591 385 P.
612 353 653 385 Ο.
689 352 906 385 PubliceI.
936 353 988 386 De
1003 354 1250 386 remcmmorbis
1266 355 1413 396 disseiffet
1432 355 1463 388 h.
1479 354 1541 388 def.
1570 356 1772 390 Privatim
1787 358 1832 390 II

0 395 2 426 3
48 406 265 448 Pathologme
283 416 322 436 ac
342 405 515 447 theropiae
533 405 690 446 spectatis
704 416 771 447 par
773 407 835 437 tem
848 416 996 447 prmrem
1017 405 1158 447 docebit,
1177 405 1207 437 h.
1229 405 1292 438 def.
1312 407 1374 439 ΙΙΙ.
1407 408 1678 442 Exercetationes
1696 409 1834 442 medico-

0 453 2 503 {
49 458 186 490 clinicos
205 456 438 497 moderabitur,
456 456 487 488 h.
507 455 570 488 def.

152 507 366 540 CAROLUS
399 507 664 540 LUDOVICUS
699 507 872 547 KLOSE,
907 507 966 540 Dr.
991 508 1030 540 P.
1057 509 1095 540 P.
1128 509 1168 541 0.
1204 507 1318 540 honor.
1381 510 1555 543 Publice
1582 511 1608 544 I.
1645 512 1696 544 De
1715 512 1833 544 morbis

0 555 3 589 ἐ
45 562 163 592 mentis
181 559 321 591 disseret
340 558 370 591 d.
389 559 473 591 L'un.
493 564 525 591 et
543 560 612 591 Iov.
632 558 662 591 11.
683 570 723 591 11.
779 559 986 592 Privatim
1005 560 1050 592 II.
1085 561 1314 603 Pathologiam
1332 563 1514 603 generalem
1534 569 1676 606 exponet
1695 563 1726 596 d.
1746 564 1832 596 Lun.

0 615 3 642 l

47 610 543 694 Mart-gxithTUSlLIIUIILIUS
571 661 838 694 GUILELMUS
866 662 1047 695 PAULUS
1074 663 1254 701 REMER.
1289 663 1347 696 Dr.
1374 664 1412 695 P.
1437 665 1475 697 P.
1502 665 1540 697 E.
1596 666 1776 699 Publice
1803 667 1832 699 Ι.

45 714 99 748 De
117 716 235 746 ossium
244 712 416 755 fracturis
434 716 467 745 et
484 714 707 745 taxationibus
727 713 865 746 disseret
883 720 934 746 ter
952 726 1011 758 per
1030 714 1127 747 hebd.
1148 715 1178 748 h.
1199 714 1263 747 def.
1318 715 1518 748 Privatim
1539 717 1582 749 Π.
1612 718 1831 760 Operationes

47 766 254 808 chirurgicos
273 765 508 797 demonstrabit
525 768 557 797 et
575 767 828 797 exercitationes
847 768 880 797 ire
900 766 1116 799 cadaveribus
1136 766 1358 799 moderabitur
1378 768 1522 810 quotidie
1542 769 1571 801 h.
1592 780 1637 801 v1.
1657 774 1734 802 mat.

148 817 348 849 IOANNES
382 817 615 849 IOSEPHUS
650 816 833 855 SEIDEL,
872 818 930 850 Dr.
992 818 1136 851 Gratis
1169 819 1196 851 I.
1241 819 1467 862 IlIedicamMa
1504 832 1520 852 e
1556 832 1655 864 regno
1691 822 1834 854 animali

0 878 1 909 3
44 868 184 900 oriunda
209 867 317 900 tradet
341 869 390 900 bis
417 880 477 912 per
501 868 597 901 hebd.
627 868 657 901 h.
677 867 741 901 (181.
794 869 1003 901 Privatim
1023 870 1067 902 ΙΙ.
1106 871 1301 903 Πιιίυρνεαιιι
1320 873 1490 903 materiam
1510 873 1668 905 medicam
1688 878 1831 917 exponet

0 927 2 966 ᾗ
46 920 191 964 quotidie
205 920 240 952 ’11.
260 918 325 952 (181.

148 971 369 1003 CAROLUS
389 972 657 1004 GUILELMUS
685 971 849 1012 KLOSE,
876 972 937 1004 Dr.
998 973 1141 1005 Gratis
1169 974 1195 1006 I.
1236 975 1490 1016 Aretaeiopera
1510 975 1684 1018 explicabit
1701 976 1749 1007 bis
1769 987 1830 1019 per

0 1003 1 1010 l
43 1022 139 1055 hebd.
160 1023 190 1055 h.
212 1021 274 1054 def.
330 1023 538 1055 Privatim
558 1024 601 1055 ΙΙ.
630 1024 835 1056 Medicinam
845 1023 1015 1064 sorensem
1035 1024 1168 1057 docebit
1187 1031 1237 1057 ter
1256 1037 1315 1068 per
1333 1025 1428 1057 hebd.
1450 1026 1478 1058 h.
1498 1038 1542 1059 1v.

144 1074 347 1106 IOANNES
375 1075 619 1107 AUGUSTUS
646 1076 922 1115 BURCHARfl,
949 1076 1009 1108 Dr.
1078 1077 1219 1109 Gratis
1246 1077 1272 1109 I.
1307 1078 1359 1110 De
1377 1079 1494 1110 morbis
1513 1078 1680 1119 infantum
1699 1079 1828 1110 adnexo

43 1137 139 1158 cursu
166 1128 404 1158 vaccinatiom's
430 1126 569 1159 disseret
588 1127 636 1158 bis
655 1138 716 1170 per
735 1127 831 1160 hebd.
854 1128 884 1160 h.
907 1127 971 1161 def.
1008 1128 1211 1161 Privatim
1233 1129 1277 1161 II.
1304 1130 1357 1162 De
1382 1133 1455 1161 arte
1479 1130 1668 1163 obstetricia
1689 1130 1829 1163 disseret

42 1183 156 1221 quater
191 1189 250 1221 per
285 1177 381 1210 hebd.
417 1178 447 1210 11.
484 1177 549 1210 (181.
603 1179 759 1212 1-11.De
789 1179 946 1222 (linguosi
973 1183 1006 1212 et
1034 1183 1181 1223 operatio
1165 1181 1278 1213 onibus
1302 1182 1499 1214 obstetriciis
1528 1181 1666 1214 disseret
1693 1182 1741 1214 bis
1767 1193 1830 1225 per

0 1247 1 1250 =
41 1228 138 1262 hebd.
158 1229 188 1261 h.
208 1228 272 1261 def.

144 1281 346 1313 IOANNES
375 1281 588 1314 CAROLUS
615 1282 929 1319 CHRISTIANUS
956 1283 1075 1324 KUH,
1108 1283 1168 1316 Dr.
1194 1285 1233 1316 P.
1288 1285 1430 1317 Gnatis
1458 1285 1498 1317 (Ie
1529 1286 1654 1317 hermis
1688 1284 1829 1318 disseret

44 1331 143 1364 semel
163 1343 222 1374 per
241 1332 337 1364 hebd.
357 1331 388 1364 h.
408 1331 473 1364 def.

145 1375 382 1416 HENRICUs
410 1384 646 1422 ΝΕΗΜΛΝΝ,
675 1385 733 1417 Dr.
765 1386 909 1418 Gratis
938 1386 963 1417 I.
998 1387 1051 1419 De
1076 1390 1264 1419 nosocomiis
1290 1391 1392 1419 mente
1418 1391 1526 1430 captis
1545 1389 1667 1420 dicatis
1686 1388 1827 1420 disseiet

41 1435 140 1467 semel
168 1447 226 1479 per
253 1435 348 1466 hebd.
377 1435 407 1467 h.
427 1434 492 1467 def.
546 1435 746 1468 Privatim
766 1438 809 1469 II.
844 1438 1055 1470 Diaetetlcen
1075 1439 1267 1481 psychicum
1294 1439 1425 1472 docebit
1445 1446 1494 1472 ter
1512 1452 1572 1484 per
1591 1440 1686 1472 hebd.
1708 1440 1738 1473 h.
1759 1438 1824 1473 def.

42 1486 102 1519 III.
130 1486 559 1529 Psycleologiamsorensem
578 1487 710 1520 docebit
732 1496 847 1532 quater
866 1501 925 1532 per
945 1489 1040 1522 hebd.
1061 1489 1090 1522 11.
1113 1489 1176 1522 (181.

144 1538 455 1571 THEOBALDUS
483 1538 691 1572 BASILIUS
718 1541 896 1573 PAULUS
918 1542 1160 1581 REYMANN,
1187 1543 1246 1575 Dr.
1310 1544 1455 1575 Gratis
1480 1544 1505 1575 I.
1533 1544 1824 1576 Esramt'natorium

40 1589 80 1622 (Ie
105 1591 244 1633 siugulis
269 1591 442 1632 tlaeerapiae
469 1591 632 1632 capitibus
659 1591 789 1624 habebit
815 1593 862 1624 bis
889 1605 949 1636 per
967 1593 1064 1626 hebd.
1084 1593 1113 1626 11.
1135 1593 1199 1626 def.
1253 1595 1456 1626 Privatim
1476 1595 1519 1627 ΙῘ.
1549 1596 1751 1637 Therapiam
1770 1608 1824 1638 ge-

38 1641 180 1673 neralem
200 1648 341 1684 exponet
360 1648 475 1685 quater
493 1654 552 1685 per
570 1642 666 1675 hebd.
688 1643 717 1676 h.
738 1655 781 1676 vi.
802 1650 876 1676 mat.
918 1645 978 1676 ΠΙ.
1011 1646 1213 1688 Therapiam
1231 1647 1404 1689 specialem
1423 1646 1531 1679 tradet
1551 1647 1696 1691 quotidie
1716 1647 1746 1680 h.
1761 1658 1823 1680 vn.

39 1698 115 1725 mat.
169 1693 222 1725 1V.
249 1694 528 1726 „fiscallatsomm
547 1695 702 1726 medicam
724 1695 897 1738 explicabit
917 1702 1032 1740 quater
1052 1709 1112 1740 per
1130 1698 1226 1730 hebd.
1247 1698 1276 1730 11.
1298 1697 1361 1730 def.

144 1744 409 1777 GUILELMUS
444 1745 683 1778 HENRICUS
720 1747 933 1780 CAROLUS
971 1750 1202 1789 GROSSER,
1241 1750 1300 1781 Dr.
1375 1750 1515 1781 Gratis
1554 1750 1580 1782 I.
1625 1752 1823 1783 Anatomiae

39 1795 247 1838 cleirnrgicae
266 1799 379 1838 capita
398 1798 517 1829 selecta
538 1804 679 1840 exponet
700 1799 799 1831 semel
819 1811 878 1842 per
896 1793 993 1832 hebd.
1015 1800 1043 1833 h.
1065 1800 1129 1833 def.
1185 1802 1227 1833 ΙΙ.
1249 1802 1526 1834 Constructionem
1545 1805 1578 1833 et
1596 1814 1688 1833 usum
1707 1804 1820 1834 nn'cro-

39 1850 146 1890 scopii
161 1848 488 1880 demonstrationibus
504 1852 666 1891 practicis
686 1850 856 1883 illustrabit
874 1852 973 1883 semel
994 1864 1053 1895 per
1072 1852 1168 1885 hebd.
1191 1853 1220 1885 h.
1241 1852 1304 1885 def.
1359 1853 1428 1885 Pri
1441 1854 1560 1885 vatim
1581 1853 1641 1886 ΠΙ.
1678 1855 1822 1886 Osteolo-

37 1901 125 1941 giam
150 1902 182 1931 et
206 1900 427 1943 syndesmolog
430 1912 495 1932 ram
519 1900 628 1933 tradet
653 1902 701 1933 bis
728 1914 789 1945 per
808 1902 904 1935 hebd.
926 1904 955 1935 11.
977 1902 1040 1936 def.
1096 1905 1150 1936 IV.
1180 1909 1254 1947 ,3472
1238 1906 1335 1948 ‹rgiolo
1321 1908 1406 1937 niam
1426 1904 1558 1937 docebit
1577 1905 1624 1937 bis
1644 1917 1704 1948 per
1721 1905 1820 1938 hebd.

37 1949 68 1982 h.
88 1949 151 1982 def.
191 1952 228 1983 V.
258 1952 323 1983 His
319 1953 422 1995 tologr
413 1964 479 1984 ram
491 1953 645 1996 patltolo
632 1956 735 1985 “icam
756 1961 897 1997 exponet
916 1961 948 1988 et
967 1955 1006 1987 (Ie
1010 1959 1222 1989 monstratizor
1227 1957 1297 1988 ibas
1317 1959 1556 1999 mec-roscopi'czs
1583 1956 1753 1989 illustrabit
1771 1957 1820 1989 bis

36 2012 97 2045 Per
115 2001 423 2088 hithIEIiKAdNDER
450 2055 512 2088 DE
541 2056 817 2097 FRANTZlUS,
845 2058 905 2090 Dr.
950 2059 1153 2091 Privatim
1174 2060 1198 2091 Ι.
1234 2060 1386 2102 He'stolig
1371 2062 1454 2091 niam
1475 2059 1608 2092 docebit
1626 2065 1742 2103 quater
1760 2071 1823 2103 per

36 2103 134 2137 hebd.
154 2105 184 2137 h.
205 2104 269 2137 (181.
323 2107 366 2139 ΙΙ.
394 2107 498 2139 Emb.
484 2109 587 2150 ”byolo
574 2102 658 2140 nimir
678 2108 810 2141 docebit
829 2109 877 2141 bis
896 2122 955 2153 per
973 2110 1069 2143 hebd.
1090 2111 1119 2143 h.
1140 2110 1204 2142 def.

141 2156 372 2190 IOSEPHUS
400 2159 616 2199 NElSSER,
649 2160 708 2192 Du.
764 2162 819 2192 G1
827 2162 904 2193 atis
924 2162 949 2194 I.
994 2163 1226 2194 Fundamenta
1252 2162 1433 2194 mecli'cmae
1456 2165 1629 2205 practrcae
1645 2163 1822 2194 rati'onales

37 2214 177 2251 exponet
202 2209 250 2240 bis
277 2221 336 2252 per
359 2209 457 2243 hebd.
484 2211 515 2244 h.
542 2210 607 2244 def.
668 2212 879 2245 Privatim
905 2213 951 2245 II.
992 2215 1220 2257 Patlcologiam
1245 2217 1278 2246 et
1302 2215 1488 2257 therapium
1512 2215 1685 2257 specialem
1709 2213 1823 2246 tradet

37 2258 127 2291 denis
145 2272 206 2303 per
222 2260 320 2293 hebd.
342 2261 372 2294 h.
392 2261 458 2295 def.
